2752 4664
178 277 218 348 30

262 459 308 519 lta
336 457 428 534 igitur
456 457 531 516 baec
554 456 711 532 descriptio
735 462 780 516 est
803 459 954 528 instituta,
981 463 1015 516 ut
1041 458 1071 516 iu
1095 457 1160 516 aliis
1183 457 1299 517 itineris

178 559 367 622 describendi
391 559 569 619 stationibus
593 560 766 620 commorari
791 560 927 619 consulto
945 559 1142 635 Clytemestra
1161 560 1300 620 videatur

177 665 251 724 alias
274 663 401 722 celerius
416 665 583 738 percurrat.

262 768 324 825 lam
346 766 376 824 in
399 764 599 841 descriptione
624 765 761 826 funestae
785 783 845 842 qua
861 764 1044 825 Graecorum
1068 783 1159 824 naves
1183 765 1298 840 plerae-

176 887 235 945 que
258 869 413 946 perierunt
435 869 620 944 tempestatis
642 869 672 927 in
693 869 765 927 mari
781 867 942 927 saevientis
957 868 1143 927 tristissimus
1159 872 1299 943 aspectus
1362 872 1365 876 ’

177 973 268 1032 totius
299 969 490 1041 calamitatis,
521 971 574 1047 qui
601 969 679 1030 idem
714 970 844 1029 animum
879 970 1029 1046 loquentis
1059 971 1215 1047 praeconis
1249 971 1298 1029 vel

179 1075 305 1134 maxime
330 1077 505 1143 commovet,
527 1072 678 1149 praesenti
700 1072 834 1133 adhibito
857 1073 952 1133 oeulis
975 1072 1127 1132 subicitur.

431 1167 503 1233 ἐπεὶ
526 1160 555 1233 δ
565 1159 693 1253 ἀνῆλθε
715 1164 871 1253 λαμπρὸν
893 1163 993 1254 ἡλίου
1015 1165 1101 1250 paug

176 1300 204 1340 v.
227 1283 297 1341 659.
431 1265 584 1357 δρῶμεν
607 1261 741 1336 ἀνθοῦν
764 1271 910 1355 πέλαγος
932 1270 1075 1355 Αἰγαῖον
1098 1283 1238 1356 νεκροῖς.

263 1384 308 1442 lix
330 1380 498 1441 incredibili
520 1385 618 1439 autem
650 1381 775 1440 affectus
805 1382 954 1456 gravitate
976 1381 1130 1458 profluunt
1156 1398 1191 1439 ea
1212 1399 1296 1457 prae-

176 1487 286 1555 sentia,
319 1483 427 1560 quibus
459 1483 657 1560 Clytemestra
688 1483 748 1543 odii
779 1484 1038 1561 crudelitatisque·
1054 1485 1144 1561 plena
1176 1483 1296 1543 eaedem

176 1587 408 1664 Agamemnonis
432 1605 449 1644 a
471 1603 504 1645 se
526 1588 729 1662 perpetratam
752 1587 882 1662 superbe
905 1586 1075 1664 profitetur:

175 1710 203 1750 v.
229 1693 318 1750 1383.
429 1681 686 1767 περιστιχίζω
706 1682 861 1747 πλοῦτον
884 1678 1022 1766 αἵματος
1044 1677 1163 1760 κακόν,
1186 1718 1228 1726 -

175 1812 203 1852 v.
228 1795 318 1852 1384.
430 1784 533 1848 παίω
557 1783 594 1848 δέ
615 1806 670 1847 νιν
693 1784 742 1861 δίς

174 1915 203 1955 v.
228 1898 318 1956 1385.
430 1886 547 1972 τρίτην
570 1885 809 1970 ἐπενδίδωμι

175 2017 202 2056 v.
227 2000 318 2059 1388.
432 1980 523 2054 οδτοο
545 1984 608 2054 τὸν
630 1982 736 2053 αὑτοῦ
758 1985 873 2074 θυμὸν
896 1979 1081 2076 ὁρμαίνει
1103 1981 1227 2067 πεσών,

430 2083 629 2175 κάκφυσιῶν
651 2082 763 2173 ὀξεῖαν
786 2088 923 2176 αἵματος
945 2087 1076 2177 σφαγήν

174 2224 202 2263 v.
226 2207 316 2264 1390.
429 2191 565 2275 βάλλει
586 2185 750 2280 μ’ίρεμνῄ
771 2187 900 2280 ψακάδι
922 2198 1056 2277 φοινιᾶς
1079 2190 1202 2280 δρόσου
1224 2232 1268 2240 -

217 2308 381 2366 orationem
403 2324 476 2364 vero
499 2304 541 2364 ita
564 2304 730 2364 concludit:
1129 2356 1131 2361 ,

175 2427 201 2467 ν.
227 2411 316 2469 1397.
431 2400 581 2464 τοσῶνδε
603 2392 742 2485 κρατῆρ’
765 2398 803 2463 ἐν
826 2395 940 2484 δόμοις
962 2401 1080 2464 κακῶν
1101 2390 1158 2464 δδε

371 2547 377 2554 ,
428 2498 557 2587 πλήσας
581 2493 709 2587 ἀραίων
732 2491 836 2578 αὐτὸς
858 2493 1010 2567 ε’κπίνει
1031 2494 1157 2588 μολῶν.

259 2614 306 2673 Ab
345 2613 423 2672 omni
463 2612 617 2672 oculorum
655 2611 835 2688 auriumque
870 2612 1086 2689 approbatione
1116 2615 1176 2670 tam
1207 2610 1295 2670 foede

173 2714 284 2775 factum
316 2715 477 2775 abhorrere
501 2713 734 2774 consentaneum
758 2717 811 2774 est.
841 2744 883 2752 —
912 2715 1054 2774 Attamen
1083 2715 1177 2774 omnis
1206 2713 1297 2772 huius

172 2817 313 2879 facinoris
344 2818 489 2878 atrocitas
518 2817 746 2877 illustrandaet
768 2818 865 2877 oculis
888 2817 1062 2877 subicienda
1081 2821 1154 2877 erat.
1197 2817 1295 2876 Histo-

173 2922 267 2980 ricum
305 2938 450 2998 praesens
487 2921 639 2996 totiusque
669 2937 779 2979 scenae
817 2920 896 2988 (nam
930 2920 1130 2996 eccyclemate
1161 2918 1295 2978 adhibito

174 3041 301 3100 corpora
317 3023 526 3099 Agamemonis
549 3026 580 3081 et
599 3021 794 3092 Cassandrae,
810 3021 918 3098 quibus
934 3021 1139 3098 Clytemestra,
1163 3021 1296 3080 mulieris

173 3129 355 3203 monstrum,
384 3125 484 3185 adstat
515 3123 646 3202 furiosa,
676 3125 705 3183 in
736 3141 827 3184 scena
858 3121 1097 3202 conspiciuntur)
1129 3126 1294 3200 apparatus

172 3228 324 3304 efficiunt,
354 3230 387 3286 ut
417 3227 491 3286 nihil
519 3227 577 3286 lam
608 3227 793 3286 desideretur·
822 3227 860 3286 ad
889 3228 934 3287 rei
958 3245 1101 3287 summam
1129 3226 1295 3304 perspicui·

171 3334 271 3390 tatem.

257 3433 365 3509 Neque
396 3432 492 3492 minor
514 3431 560 3490 ris
590 3432 667 3490 inest
701 3432 731 3490 iu
768 3430 970 3508 descriptione
1009 3430 1179 3508 Thyesteae
1212 3431 1294 3491 illius

172 3553 279 3606 cenae,
303 3552 364 3612 qua
385 3534 549 3612 Aegisthus
571 3533 786 3608 turpitudinem
809 3551 894 3593 suam
917 3551 1061 3594 excusare
1083 3533 1191 3594 studet.
1234 3535 1294 3594 Do·

171 3637 234 3696 dita
265 3656 359 3713 opera
381 3641 581 3697 commoratur
602 3635 633 3694 in
655 3636 708 3713 iis,
738 3653 815 3710 quae
843 3636 881 3695 ad
904 3636 1045 3705 facinoris
1066 3635 1239 3696 foeditatem
1263 3640 1293 3696 et

170 3738 346 3799 iniustitiam
377 3738 569 3815 aperiendam
607 3738 766 3814 plurimum
803 3738 906 3798 valere
942 3738 1098 3815 videntur,
1135 3741 1169 3797 ut
1197 3739 1292 3798 instas

171 3839 211 3914 (v.
236 3837 330 3912 1604)
355 3858 387 3900 se
409 3858 523 3918 poenas
546 3839 582 3898 ab
605 3841 830 3916 Agamemnone
852 3840 1026 3917 repetivisse
1049 3839 1240 3901 demonstret.

425 3923 443 3998 δ
468 3927 496 4000 δ
509 3927 622 4000 αὐτῶν
643 3925 754 4000 αὐτίκ’
778 3926 898 4024 ἀγνοίᾳ
920 3926 1036 4015 λοβῶν

169 4063 198 4105 v.
222 4049 314 4107 1596.
428 4033 540 4103 ἔσθει
562 4029 668 4123 βορὰν
691 4030 842 4117 ἀσοοτοιν,
866 4027 912 4114 ῶς
936 4031 1025 4126 δρᾷς,
1048 4038 1143 4122 γένει.

425 4130 555 4204 κάπειτ)
579 4129 736 4224 ἐπιγνοὺς
759 4138 861 4226 ἔργον
883 4131 925 4205 ου’
948 4139 1123 4205 καταίσιον

424 4234 572 4328 ῶμοοξεν,
596 4233 784 4327 ἀμπίπτει
807 4235 837 4308 δ’
847 4233 916 4308 ἀπὸ
938 4245 1111 4327 σφαγῶςίί)
1135 4240 1226 4327 ἐμῶν
1344 4304 1346 4310 ,
