2752 4664
212 263 231 324 2

212 455 327 495 monem
359 431 591 507 constituisscil,
620 434 648 492 id
680 437 806 511 primum
837 433 959 492 videtur
987 432 1176 492 referendum
1207 451 1277 492 esse
1303 433 1345 491 ad

211 538 407 612 Aeschylum,
436 537 548 611 quippe
571 537 622 611 qui
644 554 810 612 „personae
833 536 991 613 pallaeque
1015 541 1150 611 repert-or
1173 528 1347 595 honestae“

212 640 392 698 dramaticae
416 640 514 715 poesis
536 638 732 697 fundamenta
755 641 896 714 posuerit.

297 760 398 832 Quare
421 759 458 817 (16
486 745 652 833 temporum
677 776 732 816 usu
756 758 925 833 Aeschyleo
949 758 1134 816 accuratiore
1157 758 1344 831 quaestione

210 863 346 921 instituta
369 862 520 937 inquirere
545 878 654 936 operae
677 861 804 935 pretium
827 859 927 918 facere
943 860 1011 918 milri
1035 859 1166 928 videbar,
1189 876 1251 916 non
1275 865 1343 918 tam

211 970 244 1023 ut
266 983 344 1023 nova
367 968 397 1023 et
419 963 554 1020 inaudita
576 964 605 1020 in
629 962 756 1020 medium
785 962 949 1037 proferrem
973 963 1001 1020 in
1026 980 1061 1020 ea
1084 980 1131 1038 re,
1162 979 1241 1036 quae
1265 962 1342 1021 inde

211 1068 248 1124 ab
282 1066 492 1141 antiquissimis
523 1065 706 1139 temporibus
737 1084 832 1140 usquc
862 1065 899 1122 ad
931 1065 1120 1122 novissimum
1151 1063 1342 1123 Graecarum

210 1169 375 1226 litterarum
405 1171 531 1224 aetatem
563 1165 712 1224 mirificam
743 1168 928 1225 conservarit
951 1164 1188 1241 constantiani),
1214 1167 1270 1224 sed
1295 1171 1342 1243 ut,

211 1270 311 1346 quoad
335 1288 389 1345 pro
413 1268 526 1326 viribus
550 1267 612 1326 fieri
636 1273 745 1343 posset,
768 1270 898 1345 quaein
923 1270 1141 1328 commentariis
1163 1269 1213 1327 vel
1236 1288 1340 1343 gram·

210 1374 383 1431 maticorum
414 1372 533 1446 scriptis
563 1371 687 1429 disiecta
716 1372 926 1441 inveniuntur,
957 1372 1125 1447 colligerem
1156 1378 1185 1429 et
1212 1371 1245 1429 in
1272 1390 1339 1431 uno

212 1483 374 1551 conspectu
405 1474 588 1532 collocarem.
633 1473 689 1532 Sed
714 1474 795 1549 quod
819 1474 887 1543 ci‚·‘')
919 1474 970 1549 qui
993 1474 1030 1532 de
1054 1473 1179 1548 perlecti
1200 1477 1230 1531 et
1253 1474 1338 1549 plus-

211 1576 424 1657 quamperfecti
455 1593 511 1634 usu
543 1574 710 1650 Aeschyleo
741 1577 894 1651 disseruit,
924 1577 988 1634 viro
1018 1576 1186 1634 doctissimo
1216 1577 1338 1650 accidit,

211 1684 244 1736 ut
273 1680 302 1735 in
333 1696 393 1736 uno
423 1676 558 1753 perfeeto
587 1679 672 1752 quasi
703 1678 857 1755 haereret,
886 1679 915 1736 id
940 1679 1010 1736 mihi
1032 1678 1061 1736 in
1086 1679 1253 1752 praesentis
1276 1696 1337 1737 usu

210 1779 412 1857 perquirendo
444 1779 587 1838 accidisse
611 1778 762 1838 confiteor.
815 1781 891 1838 Nam
922 1783 976 1839 etsi
1006 1782 1101 1855 primo
1133 1780 1237 1839 obtutu
1261 1799 1337 1840 vere

209 1883 285 1941 idem
314 1881 448 1941 iudicare
478 1881 613 1954 videtur,
650 1884 817 1957 praesentis
848 1901 933 1941 usum
972 1901 1031 1941 non
1062 1884 1156 1941 multa
1186 1883 1336 1957 praebere

210 1987 284 2043 mira
306 1994 358 2044 aut
380 1987 500 2060 praeter
522 1982 580 2041 alia
602 1985 741 2042 memoria
764 1995 793 2043 61
816 1985 990 2059 quaestione
1013 1985 1117 2060 digna,
1144 1990 1244 2043 tamen
1268 1987 1336 2060 qui-

210 2086 405 2163 bus'legibus
427 2087 516 2145 huius
538 2087 682 2163 temporis
705 2105 789 2146 usum
813 2087 980 2162 Aeschylus
1010 2088 1281 2162 circumscripserit
1305 2094 1336 2147 et

209 2209 296 2267 quem
319 2189 407 2249 finem
423 2194 543 2248 secutus
565 2189 715 2248 interdum
731 2191 817 2249 etiam
841 2190 879 2249 ad
902 2207 959 2266 res,
982 2208 1059 2265 quae
1080 2199 1256 2266 praesentes
1280 2194 1335 2249 aut

209 2311 268 2351 non
296 2297 365 2350 sunt
393 2298 445 2350 aut
474 2311 534 2351 non
561 2293 738 2369 cogitantur,
760 2300 893 2368 tempore
923 2294 1074 2368 praesenti
1097 2310 1169 2351 usus
1192 2294 1246 2368 sit,
1270 2312 1332 2351 uon

208 2396 280 2453 satis
302 2394 420 2454 videtur
443 2395 622 2453 illustratum
646 2413 718 2452 esse.

294 2514 396 2590 Atque
433 2514 462 2571 in
493 2514 573 2571 omui
603 2513 658 2570 hac
693 2514 868 2588 quaestione
900 2514 957 2573 hoc
994 2514 1135 2591 imprimis
1168 2515 1333 2573 tenendum

209 2635 325 2693 censeo,
348 2614 428 2692 quod
451 2616 481 2673 in
505 2615 620 2693 ceteris,
643 2632 719 2689 quas
742 2616 771 2673 in
787 2615 937 2691 Aeschylo
960 2617 1141 2676 admiramur
1159 2618 1334 2694 virtutibus,

209 2738 268 2777 non
290 2718 420 2776 infimum
444 2719 542 2776 locum
566 2722 648 2777 tenet
670 2719 794 2788 „eximia
810 2719 955 2795 quaedam
977 2714 1335 2796 (1666111611661116161),α

208 2839 286 2896 quae
308 2809 475 2897 πλαστικὴ
500 2821 577 2879 66161
598 2823 709 2878 vocari

297 3037 320 3100 ³)
337 3032 502 3101 Bernhardy
519 3033 536 3085 l.
554 3032 572 3084 l.
589 3049 616 3100 p.
635 3036 701 3086 205:
723 3032 827 3095 „durch
845 3029 997 3087 Ausdauer
1026 3035 1083 3088 und
1107 3034 1332 3091 kiinstlerisches

207 3119 296 3173 Genio
314 3118 406 3173 haben
424 3118 470 3171 (116
488 3116 626 3185 Tragiker
644 3118 690 3171 616
713 3134 799 3172 neues
817 3119 906 3172 ldiom
924 3119 1082 3187 gegrlindet
1104 3120 1161 3173 und
1180 3121 1257 3174 66166
1276 3122 1332 3175 Ge-

207 3212 283 3258 setue
301 3204 353 3255 mit
371 3201 491 3256 solchem
509 3200 608 3271 Erfolg
628 3204 776 3266 bestimmt,
796 3205 861 3258 dass
879 3205 920 3258 616
939 3205 994 3258 (166
1008 3204 1156 3260 Attischcn
1169 3205 1219 3258 Stil
1239 3207 1267 3258 in
1281 3207 1332 3261 der

206 3289 327 3343 hdheren
350 3287 534 3341 Dichterredc
557 3287 712 3342 festsetzcn
741 3289 799 3342 und
824 3290 877 3343 (166
901 3290 1035 3343 16666166
1059 3290 1233 3344 Geschmuck
1254 3291 1331 3346 ihrer

206 3375 407 3443 Zeitgenesscn
426 3373 600 3426 methodisch
618 3375 702 3427 leiten
721 3374 870 3429 hennten.··

294 3462 316 3522 ⁴)
335 3458 377 3511 ef.
392 3457 535 3512 Wecklein
549 3459 693 3526 (Bursians
712 3459 922 3514 dahresbericht-
937 3460 982 3513 l'l.
1000 3460 1096 3528 Jahrg.
1118 3466 1189 3515 1818.
1226 3466 1249 3514 4.
1268 3464 1328 3515 und

207 3551 230 3598 5.
249 3543 323 3598 Helt.
342 3560 368 3612 p.
389 3546 464 3610 257):
491 3544 556 3605 „der
574 3544 721 3598 Gebrauch
745 3546 793 3598 der
811 3545 947 3614 Tempora
969 3547 1044 3614 zeigt
1061 3563 1116 3600 von
1134 3548 1188 3601 den
1207 3548 1328 3601 iiltesten

206 3628 303 3683 Stufen
328 3629 371 3682 bis
398 3629 427 3681 in
451 3629 496 3682 (116
519 3630 639 3699 jiingste
663 3631 780 3684 Periode
809 3631 859 3684 (166
884 3631 1086 3699 Sprachlchcns
1113 3633 1171 3686 und
1201 3633 1229 3684 in
1254 3634 1329 3686 alien

205 3714 404 3768 dialectischen
424 3714 665 3783 Verzweigungcn
683 3717 822 3781 (insoweit
846 3716 904 3770 hier
921 3718 1080 3785 iiber-haupt
1102 3719 1164 3772 6166
1187 3734 1328 3786 gcnauere

205 3797 331 3866 Priifung
349 3799 468 3867 mdglich
486 3800 535 3866 ist)
553 3801 615 3853 eine
634 3801 855 3855 iiocrrasehende
874 3800 1163 3871 (1161616611661611611.1

290 3885 536 3951 ⁵)Leop.B1·ock:
561 3886 722 3940 dissertatio
746 3888 781 3941 (16
799 3885 918 3942 Pert'eeti
939 3895 967 3942 ct
985 3890 1254 3958 Plusqnampert'eeti
1273 3908 1327 3945 usu

205 3966 374 4038 Aeschyleo
410 3969 603 4026 Vratislaviae.
639 3972 852 4027 MDCCCLXV,
871 3991 898 4040 p·
919 3979 940 4027 1.

290 4052 530 4117 1111121666116616
555 4057 742 4132 devAeschyli
767 4059 860 4112 studio
884 4059 1036 4114 Homerico.
1073 4063 1168 4130 Progr.
1186 4062 1325 4130 Erlangen

129 4139 131 4143 ’
207 4141 280 4202 1862,
298 4155 362 4208 pag.
381 4145 421 4192 25.
457 4141 619 4211 Bernhardy
638 4143 800 4212 ilpunc:
827 4161 872 4204 ..er
894 4161 951 4198 war
974 4148 1025 4200 wie
1049 4147 1113 4200 kein
1138 4147 1255 4200 anderer
1280 4147 1326 4201 616

76 4262 185 4398 ἱ
202 4222 368 4289 plastischcr
386 4225 544 4293 'fragiles‘
