2730 4664
145 1035 364 1160 Aeschyleis¹)
402 1085 509 1144 studiis
540 1105 608 1146 oum
648 1105 769 1164 operam
808 1107 920 1148 navare
953 1090 1182 1161 constituissem,

57 1187 229 1245 subtiliores
251 1187 317 1246 illas
340 1190 537 1263 quaestiones,
562 1208 639 1266 quae
662 1190 692 1249 in
714 1192 845 1266 genuina
867 1191 1009 1251 librorum
1033 1194 1183 1268 scriptura

55 1288 246 1348 restituenda
268 1293 318 1348 aut
340 1290 370 1348 in
394 1291 563 1366 Aeschylea
583 1292 727 1368 singulari
752 1294 938 1370 sublimitate,
960 1295 1118 1370 gravitate,
1141 1295 1183 1353 in-

57 1392 185 1468 geniosa
207 1391 309 1450 indole
333 1392 515 1470 mirificeque
539 1399 601 1454 arte
625 1395 837 1472 perspicienda
859 1400 1027 1474 versantur,
1050 1398 1093 1456 eis
1116 1415 1183 1473 per·

57 1493 221 1552 mittendas
244 1496 411 1565 censebam,
434 1497 486 1571 qui
509 1500 538 1555 et
560 1514 674 1556 summo
697 1499 809 1574 ingenii
826 1499 982 1558 excellunt
1003 1500 1138 1558 acumine
1155 1502 1185 1558 et

57 1595 225 1655 doctrinam
252 1596 416 1655 uberiorem
440 1599 717 1675 accuratioremque
740 1599 795 1658 sibi
819 1605 1078 1677 comparaverunt.

146 1699 252 1773 ltaque
281 1698 319 1756 ad
350 1717 385 1757 ea
408 1700 496 1758 malui
525 1719 570 1759 me
594 1701 730 1760 conferre
760 1702 872 1775 studia,
904 1702 1034 1778 quaein
1058 1703 1185 1762 scenicis

56 1800 155 1876 poetis
178 1799 348 1859 etiamnunc
372 1801 536 1860 desiderari
560 1802 708 1861 videntur.
752 1802 885 1876 Quorum
902 1806 932 1863 in
949 1823 1072 1864 numero
1088 1823 1184 1882 gram-

57 1902 184 1961 maticas
207 1905 399 1977 quaestiones
421 1923 481 1963 non
503 1903 635 1963 infimum
652 1906 751 1963 locum
774 1906 907 1965 obtinere
924 1911 1026 1982 aperte
1041 1906 1186 1966 indicavit

57 2010 89 2064 et
114 2004 329 2064 eruditissimus
353 2010 382 2065 et
404 2007 658 2083 ingeniosissimus
674 2006 855 2066 Graecarum
879 2008 1046 2067 litterarum
1067 2009 1185 2085 arbiter,

58 2106 249 2166 Godofredus
272 2108 458 2184 Bernhardy,
480 2109 565 2167 cuius
586 2110 616 2166 in
641 2109 876 2185 Paralipomenis
892 2107 1031 2186 Syntaxis
1052 2110 1186 2170 Graecae

57 2229 88 2285 p.
108 2214 146 2269 13
170 2210 244 2267 haec
268 2215 386 2269 exstant
408 2210 515 2268 verba:
540 2211 646 2277 „Si...
670 2214 699 2269 et
722 2211 799 2269 hanc
816 2212 982 2270 studiorum
998 2213 1185 2288 disciplinam

58 2310 123 2382 (sel.
147 2311 316 2370 historicam
340 2309 493 2388 syntaxin)
517 2316 547 2371 et
568 2312 741 2372 interiorem
772 2313 937 2372 litterarum
961 2315 1095 2374 notitiam
1118 2334 1186 2392 pro-

58 2432 182 2472 movere
205 2415 342 2474 volumus
374 2420 403 2474 et
434 2416 553 2474 criticos
584 2415 744 2485 adiuvare,
784 2416 883 2475 multis
917 2417 1026 2476 libellis
1056 2435 1111 2493 par
1141 2421 1187 2477 est

60 2517 260 2576 elocutionem
285 2522 439 2576 auctorum
465 2518 597 2576 cuiusvis
621 2518 733 2592 gradus
763 2523 912 2594 notaeque
942 2518 1112 2594 singulatim
1137 2538 1185 2578 ex·

59 2619 176 2696 plicari.
220 2619 297 2677 Hinc
327 2618 596 2679 fructuosissimam
620 2624 650 2678 et
671 2619 888 2695 propemodum
919 2602 1059 2679 intactam
1083 2625 1188 2696 petent

60 2722 232 2798 materiam,
263 2740 338 2797 quos
361 2723 445 2780 iuvat
468 2722 620 2779 scientiam
651 2721 839 2796 antiquitatis
863 2721 994 2781 Graecae
1018 2742 1077 2782 non
1100 2725 1186 2782 vanis

60 2824 287 2900 quaestionibus
311 2822 444 2881 ornare.“

149 2927 193 2984 Ac
215 2926 324 2984 talibus
348 2925 467 3001 quidem
491 2925 596 2984 studiis
618 2927 647 2983 in
673 2944 707 2984 eo
724 2927 898 3000 praesertim
915 2944 990 3003 opus
1007 2944 1072 2986 esse
1087 2931 1186 2986 vetus·

60 3028 174 3088 tissimo
197 3028 422 3087 Atheniensium
445 3032 581 3103 auctore,
612 3029 661 3103 qui
686 3031 715 3087 et
738 3028 848 3103 ingenii
873 3029 1007 3087 sollertia
1030 3029 1188 3089 eminuerit

62 3135 93 3189 et
116 3131 185 3188 novi
209 3131 328 3203 generis
351 3131 437 3205 quasi
459 3148 570 3206 parens
584 3131 701 3189 ‘ceteris
724 3132 821 3206 poetis
843 3131 967 3189 scenicis
990 3131 1068 3189 viam
1092 3133 1186 3190 muni-

62 3232 149 3300 verit,
173 3233 239 3308 quis
262 3238 314 3309 est,
337 3233 408 3307 quin
432 3232 522 3291 facile
545 3232 600 3293 sibi
624 3229 863 3308 persuadeam)

149 3335 225 3394 Nam
262 3334 342 3410 quod
380 3335 456 3394 idem
495 3333 673 3410 Bernhardy
711 3336 740 3391 in
779 3335 953 3393 universum
984 3335 1120 3394 iudicans
1151 3336 1187 3396 de

63 3438 202 3497 omnibus
230 3437 450 3512 tragoediarum
480 3436 676 3512 scriptoribus
706 3435 874 3513 contendit,
904 3437 1027 3496 atticum
1051 3455 1102 3497 eos
1125 3457 1186 3497 ser-

153 3603 174 3666 ¹)
191 3599 224 3652 ln
249 3599 379 3652 versibus
403 3598 581 3652 numerandis
606 3598 743 3651 editonem
767 3597 976 3651 Dindorfianam
1000 3597 1034 3653 V.
1075 3600 1188 3669 Lipsiae

64 3683 271 3740 mobccnxv
290 3689 403 3738 secutus
423 3699 491 3737 sum.

152 3772 174 3835 2)
192 3770 243 3823 His
266 3769 449 3838 grammaticis
473 3768 685 3838 quaestionibus
710 3770 764 3823 etsi
789 3768 934 3822 doctorum
958 3768 1080 3824 virorum
1103 3785 1189 3839 opera

67 3870 124 3908 non
149 3840 253 3922 det'uit',
276 3860 368 3908 tamen
391 3870 447 3908 uon
466 3871 555 3922 panea
579 3859 683 3908 restare
710 3858 803 3908 monet
824 3852 988 3923 Bernhardy
1011 3853 1143 3922 (Grundr.
1162 3855 1189 3909 d.

66 3940 114 3993 Gr.
127 3940 192 3993 Litt.
206 3940 241 4007 ll,
256 3943 278 3991 2.
298 3957 324 4008 p.
338 3942 399 4007 213)
411 3939 455 3993 his
467 3940 573 3994 verbis:
595 3939 661 4001 „Um
674 3940 743 3993 liber
762 3938 905 3992 tastendcs
916 3939 1024 3993 Geliihl.
1036 3939 1135 3994 hinaus
1154 3957 1190 3994 au

65 4023 160 4080 fasten
178 4024 343 4078 Einsichten
360 4025 389 4077 in
408 4025 452 4079 die
471 4023 674 4093 Sprachkunst,
693 4024 748 4078 den
766 4021 892 4078 Satabau
911 4023 967 4076 und
986 4023 1038 4078 Stil
1057 4025 1106 4079 der
1123 4025 1188 4079 Tra·

67 4108 152 4178 gddie
171 4126 206 4162 au
229 4110 379 4177 gelangen,
402 4107 505 4163 bedari
525 4125 586 4162 man
613 4110 663 4162 der
681 4107 898 4176 Monographien
917 4109 986 4163 iiber
1004 4109 1053 4164 das
1072 4109 1190 4179 Spraeh-

68 4201 174 4266 system
194 4195 250 4248 und
269 4195 314 4249 die
331 4193 468 4249 Rhetorilr
487 4195 536 4249 der
554 4195 713 4263 tragischen
730 4195 866 4248 Meister.“

982 4299 1003 4347 h

468 4455 773 4613 aercae
