2752 4664
181 273 219 334 18

178 447 234 523 Ag.
258 449 330 515 548,
430 434 533 502 πάλαι
561 430 601 502 τδ
633 441 730 521 σιγᾶν
761 426 941 519 φάρμακον
969 429 1092 520 βλάβης
1120 432 1195 517 ἕχον.
1226 441 1245 499 i.
1268 459 1301 500 e:

224 551 329 622 „antea
352 548 508 607 censebam
531 551 560 606 et
588 546 676 605 etiam
699 564 779 604 nunc
802 562 910 604 censeo
933 545 1081 603 silentium
1108 544 1177 601 mali
1205 561 1301 602 reme-

221 652 301 709 dium
338 648 429 709 esse.“
495 649 646 708 Particula
678 637 782 706 πάλαι
814 647 905 707 verbo
938 647 1021 706 finito
1054 647 1170 705 adiecta
1201 647 1302 721 gravi-

219 756 310 812 tatem
338 753 482 812 orationis
511 753 697 828 aliquantum
721 751 825 825 augeri
852 755 992 827 apparet,
1021 748 1180 808 dummodo
1209 748 1301 808 vehe-

220 856 393 915 mentiorem
416 855 506 914 animi
529 859 639 914 motum
663 855 818 929 respicias,
842 872 903 928 quo
926 853 1046 929 chorus,
1068 883 1109 891 —
1132 852 1196 910 eius
1219 851 1300 909 enim

219 962 289 1018 sunt
311 957 385 1016 haee
409 959 500 1016 verba
523 988 563 995 -
586 958 711 1016 affectus
734 961 786 1015 est.
836 956 942 1031 ltaque
969 954 1008 1014 ad
1030 954 1103 1015 beu.
1126 956 1198 1029 Reg.
1215 957 1301 1013 1443

219 1066 299 1120 recte
328 1059 485 1119 adnotavit
512 1061 588 1119 haec
617 1060 671 1119 Ed.
695 1059 883 1118 Wunderus:
917 1058 1073 1130 „Ceterum
1102 1045 1206 1114 πάλαι
1237 1076 1302 1116 non

220 1180 296 1225 raro,
312 1162 349 1221 de
371 1163 470 1239 rebus,
494 1180 571 1238 quae
595 1161 682 1220 modo
706 1160 802 1220 factae
826 1164 897 1220 sunt
919 1159 969 1229 (cf.
986 1161 1080 1236 ejusd.
1096 1158 1154 1218 fab.
1169 1178 1196 1217 v.
1214 1163 1299 1219 1161

219 1253 316 1322 εἷπον
338 1295 381 1303 -
403 1253 514 1335 πάλαι.
538 1265 582 1323 El.
609 1268 698 1325 1101.
730 1262 824 1335 1477)
855 1267 907 1322 aut
936 1261 1027 1333 fiunt,
1058 1264 1219 1337 usurpatur
1249 1263 1328 1332 ita,.

220 1371 253 1426 ut
262 1367 469 1426 vehementiae
480 1368 578 1444 potius
589 1385 676 1442 quam
690 1366 893 1425 diuturnitatis
903 1364 1148 1441 significationem
1160 1362 1298 1422 habeat.“

177 1471 229 1530 Oh.
251 1473 321 1530 464.
430 1455 470 1527 τδ
493 1454 657 1547 μόρσιμον
678 1462 769 1545 μένει
791 1458 904 1526 πάλαι.

261 1573 357 1631 Etiam
381 1592 448 1631 cum
470 1572 628 1648 participio
651 1572 819 1649 praesentis
842 1571 1021 1647 temporales
1042 1571 1206 1646 particulae
1228 1587 1301 1630 con·

177 1674 295 1733 iunctae
323 1680 399 1734 sunt.
445 1672 502 1733 Sed
532 1676 621 1750 longe
654 1675 730 1733 alius
753 1675 872 1751 generis
896 1678 940 1732 est
967 1673 1040 1732 haec
1062 1672 1196 1732 adverbii
1224 1677 1301 1731 tem·

175 1775 286 1851 poralis
309 1794 376 1834 cum
398 1776 555 1852 participio
578 1778 745 1852 praesentis
776 1777 953 1835 coniunctio.
1003 1776 1088 1834 Mera
1110 1775 1187 1833 enim
1208 1793 1299 1851 prae-

175 1878 254 1938 teriti
291 1879 434 1955 temporis
471 1880 571 1956 notio,
608 1897 684 1955 quae
721 1879 888 1956 particulae
926 1878 977 1936 tali
1012 1879 1164 1954 inhaeret,
1204 1877 1299 1936 etiam

175 1981 331 2058 participio
354 1982 395 2040 ita
424 1981 580 2052 tribuitur,
612 1988 645 2039 ut
674 2000 732 2040 non
764 1983 793 2039 in
824 1983 973 2057 praesenti
1004 1981 1109 2040 sedin
1132 1981 1299 2055 praeterito

173 2087 307 2160 tempore
328 2087 468 2159 ponatur.

258 2185 360 2244 Pauca
382 2191 486 2246 extant
508 2187 646 2263 exempla
668 2187 697 2245 in
720 2186 829 2245 fabulis
851 2185 1037 2260 Aeschyleis.

173 2289 271 2347 Prom.
293 2291 364 2349 443.
429 2272 593 2347 ἀκούσαθ’
617 2273 661 2358 ὥς
683 2300 768 2363 σφας
792 2283 932 2368 νηπίους
956 2274 1055 2358 ὄντας
1077 2277 1117 2346 τδ
1139 2282 1222 2366 πρὶν

427 2380 544 2459 ἔννους
575 2381 682 2470 ’ἔθηκα
711 2421 753 2428 —
783 2393 800 2449 i.
821 2410 845 2449 e.
868 2410 934 2461 eos,
972 2391 1023 2467 qui
1053 2394 1142 2450 antea
1172 2389 1297 2450 fucrant

216 2493 298 2552 stulti
320 2498 350 2552 et
373 2493 510 2569 imperiti.
531 2523 575 2532 -

171 2595 254 2654 Pers.
276 2597 346 2655 498.
425 2626 467 2634 -
490 2583 591 2665 θεοὺς
615 2589 651 2652 δέ
672 2613 722 2664 τις
744 2584 784 2653 τὸ
807 2590 889 2674 πρὶν
912 2590 1059 2672 νομίζων
1083 2579 1236 2672 οὐδαμοῦ
1251 2626 1295 2634 -

93 2706 96 2710 “
171 2698 227 2773 Ag.
251 2699 321 2758 650.
429 2687 629 2774 ξυνώμοσαν
650 2684 724 2777 γὰρ,
746 2685 842 2768 δντες
865 2689 1014 2775 ’ἔχθιστοι
1036 2689 1076 2756 τὸ
1099 2692 1180 2775 πρὶν

425 2796 493 2876 πῦρ
527 2794 583 2858 καὶ
618 2790 772 2859 θάλασσα
798 2831 840 2840 -
866 2803 883 2858 i.
908 2821 932 2860 e.
966 2803 1017 2876 qui
1047 2806 1136 2860 antea
1170 2799 1295 2860 fuerant

213 2901 380 2976 gravissimi
402 2907 433 2961 et
455 2903 637 2963 acerbissimi
660 2903 831 2963 adversarii.
854 2935 897 2942 -

169 3003 254 3061 Eum.
277 3007 348 3064 462.
423 2993 484 3061 τὸν
506 2994 573 3082 πρὸ
596 2999 658 3062 τοῦ
682 2991 818 3082 φεύγων
838 2994 976 3083 χρόνον,

425 3096 555 3163 ἔκτεινα
576 3091 640 3184 τὴν
662 3102 843 3179 τεκοῦσαν,
867 3137 908 3146 -
931 3108 948 3166 i.
964 3126 988 3167 e.
1012 3108 1065 3184 qui
1092 3113 1181 3168 antea
1203 3108 1293 3167 exsul

212 3207 335 3267 fueram.
356 3237 398 3248 -

170 3309 220 3369 Oh.
245 3305 350 3384 55156.
425 3303 521 3382 σέβας
544 3295 703 3387 δ’διμαχσν
725 3295 897 3388 ἀδάματον
920 3297 1092 3388 ἀπόλεμον
1114 3296 1154 3370 τδ
1178 3305 1260 3391 πρὶν

424 3397 466 3469 δι’
489 3399 588 3471 ὤτων
610 3400 734 3492 φρενός
755 3433 791 3472 τε
816 3409 932 3493 δαμίας
953 3423 1117 3494 περαῖνον
1138 3412 1200 3474 νῦν
1215 3398 1292 3490 ἄφί-

212 3527 337 3572 σταται.
363 3517 380 3575 1.
396 3534 419 3574 e.
443 3518 581 3576 maiestas
604 3518 654 3576 illa
677 3519 932 3596 inexpugnabilis,
954 3521 1082 3597 invicta,
1105 3539 1164 3579 non
1187 3519 1290 3579 debel-

211 3617 272 3676 lata
296 3618 365 3677 olim
386 3619 417 3677 in
448 3618 570 3678 auribus
599 3620 764 3696 animisque
786 3622 983 3698 popularibus
1006 3625 1138 3699 versata,
1167 3621 1291 3681 destitit.

211 3717 261 3792 (cf.
283 3720 383 3778 Herm.
407 3721 453 3779 ad.
475 3740 502 3779 v.
519 3723 580 3790 51).

167 3823 223 3899 Ag.
249 3825 318 3882 170.
425 3805 503 3880 οὐδὲ
527 3816 655 3897 λέξεται
676 3818 759 3903 πρὶν
783 3813 850 3883 ὢν·

167 3923 233 3982 libri
256 3908 356 3981 οὐδὲν
380 3916 486 3999 λέξαι,
518 3920 647 4000 λέξεται
677 3946 749 3987 vero
774 3930 901 3989 coniecit
921 3930 1049 3990 Ahrens.
1077 3930 1177 3991 Locus
1199 3933 1289 3993 valde

167 4025 275 4085 dubius
306 4025 528 4086 difficultatibus
556 4029 688 4088 nondum
720 4031 866 4107 expeditis
897 4031 1013 4092 laborat
1045 4031 1095 4106 (cf.
1126 4032 1288 4096 Schneide-

167 4127 236 4186 wini
259 4131 289 4186 et
310 4128 423 4205 Engeri
445 4130 675 4209 adnotationes),
706 4151 795 4208 quem
825 4135 924 4193 locum
947 4137 1001 4194 etsi
1038 4136 1094 4194 hac
1126 4137 1164 4196 de
1195 4156 1289 4198 causa

166 4230 195 4288 in
219 4228 316 4289 medio
347 4231 555 4308 relinquimus,
586 4240 683 4292 tamen
714 4236 830 4294 exiliis
859 4255 936 4313 quae
967 4238 1054 4297 modo
1077 4240 1164 4298 attuli
1189 4258 1287 4298 exem-

92 4480 209 4623 N
