2752 4664
1225 269 1245 330 9

123 451 201 526 qued
242 467 385 525 praesens
425 455 551 511 vocatur
587 455 704 527 tempus
736 449 876 510 cancellis
912 449 1060 524 utrimque
1090 444 1246 524 patefactis

121 571 202 611 nunc
230 554 259 611 in
288 555 482 628 praeteritum
514 572 612 613 rerum
643 556 751 612 statum
782 550 911 626 refugiat
939 569 1019 610 nunc
1052 551 1081 608 in
1111 549 1245 608 futurum

122 661 290 731 procurrat.
344 655 505 715 Licentinri
544 656 635 731 igitur
672 655 842 730 praesentis
878 654 943 713 usui
976 671 1035 712 non
1065 651 1152 711 mcdc
1186 669 1245 709 non

121 759 234 817 resistit
256 757 331 817 haec
355 776 455 817 rerum
480 759 614 818 condicio
642 758 694 816 scd
725 758 811 815 etiam
835 757 924 815 favet.
970 755 1123 815 Libericre
1145 757 1245 812 autem

122 861 180 920 hcc
204 879 259 919 usu
283 879 317 919 ec
342 862 437 920 minus
461 861 653 931 offendimus,
685 879 743 936 quc
766 861 907 936 propius,
935 858 1013 935 quod
1039 876 1072 916 re
1094 875 1166 914 vera
1188 856 1245 914 iam

121 964 151 1022 in
174 964 368 1039 praeteritum
390 967 509 1040 tempus
525 964 645 1038 refugit,
668 961 706 1022 ad
729 966 915 1038 praesentem
933 978 1081 1037 quemque
1096 958 1246 1034 loquentis

122 1068 233 1123 statum
256 1066 394 1142 pertinet·
503 1134 506 1139 ¹

670 1237 701 1306 1.

209 1390 254 1448 Ac
285 1390 411 1465 primum
445 1390 564 1466 quidem
596 1389 626 1450 id
653 1389 718 1449 fieri
743 1392 842 1466 potest
863 1390 894 1448 in
924 1388 1023 1446 verbis
1052 1385 1193 1446 audiendi
1217 1387 1246 1445 et

122 1491 239 1550 dicendi
252 1489 297 1563 18).

209 1595 322 1654 iustam
346 1595 490 1654 rationem
514 1599 682 1672 sequuntur
705 1594 810 1654 herum
834 1594 992 1653 verborum
1016 1592 1125 1651 acristi.
1168 1592 1243 1649 Nam

122 1698 294 1757 accuratius
324 1715 386 1756 rem
415 1697 614 1756 consideranti
644 1715 702 1756 vcx
733 1698 824 1756 semel
853 1697 961 1755 emissa
992 1713 1050 1755 nen
1079 1692 1246 1770 praesentis

123 1799 176 1859 sed
199 1800 352 1876 praeteriti
375 1800 517 1876 temperis
540 1799 658 1860 videtur
681 1796 801 1872 cesebi).

210 1918 257 1979 Sic
280 1921 310 1978 in
334 1920 550 1996 sticbomytbia‚
574 1938 651 1996 quac
675 1919 791 1991 dicitur,
815 1918 923 1978 chorus
945 1919 996 1976 vix
1020 1918 1093 1976 haec
1113 1934 1245 1992 pronun·

123 2023 212 2082 tiavit
235 2023 339 2082 verba:
363 2014 495 2080 αἰτοῦσι
517 2011 561 2102 μη
585 2006 685 2101 ’κόῷς
707 2016 823 2080 παισὶν
846 2009 1020 2098 Αίγότιτου
1042 2007 1155 2090 πόλιν,
1179 2035 1245 2076 cum

122 2127 222 2184 statim
245 2125 437 2201 subsequitur
461 2126 540 2202 regis
563 2143 752 2200 responsum:
776 2120 877 2202 βαρέα
901 2111 942 2181 σό
965 2105 995 2199 γ>
1017 2109 1112 2192 εἶπας
1131 2117 1245 2196 (Suppl.

125 2225 209 2299 341).
254 2229 393 2286 Eiusdem
417 2228 537 2303 generis
559 2231 629 2286 sunt
650 2228 751 2287 acristi
775 2228 821 2286 hi:

123 2347 226 2424 Suppi.
251 2350 320 2408 504.
382 2337 497 2424 τοτ’τῳ
518 2341 580 2424 μὲν
602 2335 707 2420 εἶπας,
729 2341 786 2405 καί
807 2339 1007 2424 τεταγμένος
1028 2339 1105 2402 κίοι.

124 2451 256 2526 Ohceph.
280 2454 351 2511 434.
383 2434 422 2507 τό
444 2447 514 2508 πᾶν
537 2433 661 2527 ότίμοος
684 2439 803 2527 ἔλεξας,
826 2441 924 2526 οίμοι.

123 2557 222 2614 Prcm.
246 2556 317 2615 393.
383 2542 535 2628 έθτόϋξας
557 2538 668 2629 λόγον.
720 2573 731 2589 ·

123 2658 191 2716 ibid.
217 2660 307 2717 1041.
383 2644 488 2713 εἰδότι
509 2650 564 2714 τοί
584 2672 642 2733 μοι
663 2639 756 2714 τάσδ’
782 2639 936 2733 ἀγγελίας
959 2640 1009 2714 b'd'
1033 2642 1192 2729 ὲθτόϋξεν.

125 2759 257 2834 Obceph.
281 2762 350 2819 510.
381 2742 515 2836 μακρὰν
537 2747 599 2836 γὰρ
622 2750 784 2834 ἐξέτεινας
805 2789 848 2798 -

124 2862 181 2938 Ag.
205 2863 276 2922 829.
383 2858 477 2930 θεοῖς
499 2891 541 2899 -
564 2852 709 2936 ἐξέτεινα
733 2855 894 2939 φροίμιον
916 2870 957 2901 -’-

125 2965 181 3042 Ag.
208 2967 298 3025 1296.
384 2950 482 3040 γύναι
504 2953 636 3040 μακρὰν
660 2953 792 3035 ἐ’τεινας.

124 3070 209 3127 Pers.
233 3071 302 3127 227.
384 3050 502 3134 εὔνοος
524 3055 635 3145 κριτὴς
657 3098 700 3104 -
722 3050 816 3144 τήνδ’
839 3056 1008 3145 έκόριοσας
1030 3055 1133 3142 φάτιν
1155 3098 1197 3106 —

125 3172 181 3247 Ag.
205 3171 275 3231 915.
382 3156 494 3246 Λήδας
517 3161 779 3244 γένεθλον...
867 3239 871 3244 .

314 3259 316 3264 ⁸
384 3253 531 3351 ἀπουσία
552 3262 612 3347 μὲν
636 3260 731 3342 εἶπας
754 3257 892 3342 εἰκότως
915 3265 983 3351 έμη.

125 3376 181 3451 Ag.
206 3378 295 3435 1426.
381 3361 601 3453 μεγαλόμητις
625 3363 662 3446 εἷ,
685 3368 873 3453 περίφρονα
896 3362 925 3434 δ’
949 3367 1062 3447 έλακες
1083 3409 1125 3416 -

125 3479 225 3537 Prcm.
248 3480 317 3538 597.
382 3461 553 3534 θεόσυτόν
576 3494 612 3534 τε
635 3466 738 3535 νόσον
760 3461 948 3555 οίνόμασας,
972 3510 1012 3519 -

124 3579 193 3638 ibid.
221 3583 309 3659 1065.
382 3567 485 3636 τοῦτό
508 3595 543 3656 γε
566 3569 693 3659 τλητὸν
713 3574 904 3660 παρέσυρας
927 3573 1017 3654 face,

382 3682 431 3740 ubi
447 3682 545 3741 statim
562 3682 754 3759 subsequitur
769 3703 928 3760 praesens:
952 3682 1024 3756 πῶς
1039 3702 1077 3763 με
1094 3668 1248 3752 κελεύεις.

382 3782 593 3844 0105116.

124 3889 181 3963 Ag.
208 3890 297 3947 1475.
381 3879 443 3942 νῦν
466 3871 633 3962 όίρθωσας
649 3876 814 3966 στόματος
836 3876 979 3971 γνώμην.
1005 3890 1047 3952 Of.
1062 3889 1166 3967 Suppt.
1179 3889 1248 3948 915.

125 4017 329 4028 ...m-

214 4101 246 4164 ¹⁸)
265 4095 306 4152 of.
325 4097 417 4152 Kunn.
435 4096 482 4152 dr,
495 4099 530 4168 11,
547 4105 568 4154 1.
586 4104 672 4172 casn,
685 4107 709 4157 ι.
722 4119 747 4158 a.
784 4104 862 4180 cua
880 4104 1082 4173 crassas..

214 4186 244 4248 ¹⁰)
263 4181 306 4238 Of.
325 4181 501 4239 Schmaffeld.
527 4183 607 4255 Synt
631 4186 682 4244 des
705 4187 811 4261 gdech„
832 4190 859 4249 Y
1111 4196 1114 4201 ‘

124 4272 382 4339 §54‚5p.93seq.
714 4339 718 4343 ¹
