2752 4664
160 306 201 367 22

161 481 277 540 alienus
300 479 418 541 videtur
441 477 574 552 esse³⁵);
603 500 670 540 nam
700 482 737 540 ab
761 482 920 540 Homerica
941 480 1129 557 simplicitate
1151 484 1182 539 et
1202 484 1284 539 tran·-

163 582 310 661 quillitate
332 582 455 660 leuique
478 587 508 643 et
530 583 681 660 aequabili
710 583 854 642 orationis
876 586 974 642 tractu
997 583 1167 659 praesentia
1192 581 1284 642 histo·

162 687 226 745 rica
246 686 353 745 abesse
374 685 453 769 inter
475 704 577 746 omnes
600 689 723 746 constat.
746 715 788 724 -

248 786 318 847 Alia
346 806 417 848 vero
448 806 484 848 ac
515 788 606 866 plane
636 789 787 848 contraria
817 791 862 847 est
889 787 1070 848 dramaticae
1093 788 1191 864 poesis
1215 806 1284 847 eon-

163 889 252 962 dicio,
271 885 392 968 'quippe
415 909 493 969 quae
517 909 576 951 non
601 891 716 968 epicum
740 891 823 950 illum
847 892 979 967 quietum
1008 894 1038 950 et
1059 889 1196 950 sedatum
1219 908 1285 949 ora-

162 993 253 1054 tionis
288 1011 409 1054 cursum
431 997 570 1072 appetat,
607 994 660 1053 sed
698 995 796 1054 omnia
829 993 947 1053 dicendi
985 1011 1096 1070 genera
1125 992 1285 1070 variasque

165 1096 341 1159 elocutionis
364 1096 496 1156 rationes
519 1101 551 1156 et
571 1099 650 1156 artes
673 1097 702 1156 iu
726 1115 812 1156 suum
835 1114 920 1156 usum
944 1098 1102 1156 convertat
1124 1099 1154 1156 et
1175 1095 1213 1154 ad
1235 1112 1287 1155 res

164 1216 254 1275 qnam
283 1199 505 1259 accuratissime
535 1198 749 1259 describendas
776 1199 1055 1276 permovendosque
1085 1201 1286 1275 spectatorum

164 1301 279 1360 animos
308 1300 458 1362 adhibeat
519 1302 667 1361 Praesens
705 1319 777 1361 vero
814 1293 987 1361 historicum
1017 1300 1093 1360 duas
1122 1303 1287 1378 praecipue

164 1407 289 1481 propter
304 1420 411 1463 causas
427 1422 494 1463 cum
511 1405 602 1464 ceteri
618 1404 729 1463 scenici
745 1407 853 1482 poetae
868 1407 931 1464 tum
946 1403 1116 1480 Aeschylus
1131 1404 1161 1463 in
1177 1403 1288 1464 fabulis

165 1524 327 1584 usurpasse
358 1505 516 1578 videntum
548 1506 689 1584 primum,
719 1506 800 1583 quod
832 1506 937 1566 mirum
968 1508 1110 1583 quantum
1142 1507 1223 1566 valet
1248 1506 1288 1564 ad

60 1658 63 1663 .
100 1673 102 1677 Α
167 1627 299 1688 reseas,
320 1627 400 1687 quae
422 1613 599 1686 praesentes
622 1628 681 1668 non
704 1612 792 1686 sunt,
814 1608 1009 1669 illustrandas
1032 1611 1062 1668 et
1084 1610 1288 1685 spectatorum

166 1711 262 1773 oeulis
288 1711 490 1786 subiciendam
519 1729 555 1772 ea
577 1712 654 1772 euim
678 1716 723 1772 est
744 1712 911 1789 praesentis
928 1711 1050 1789 propria
1065 1713 1119 1788 vis,
1141 1716 1175 1771 ut
1196 1712 1287 1770 animi

168 1815 301 1892 ligantur
323 1815 408 1891 quasi
429 1815 460 1874 iu
483 1815 572 1874 rebus
588 1819 618 1874 et
632 1817 817 1876 retineantur
827 1815 880 1892 ita,
896 1819 929 1875 ut
943 1815 1105 1875 subsistant
1118 1814 1288 1892 paullulum

168 1922 199 1977 et
219 1917 263 1977 rei
285 1917 334 1977 vel
355 1917 482 1977 aetionis
505 1917 656 1994 cuiusque·
675 1917 830 1978 decursum
855 1918 1108 1994 contemplentur.-

251 2018 404 2080 Nar'randi
434 2021 510 2080 enim
542 2021 665 2098 propria
702 2026 838 2097 tempora
867 2023 937 2079 sunt
966 2021 1094 2080 aoristus
1121 2024 1151 2079 et
1180 2020 1288 2096 imper-

166 2122 277 2183 fectum
320 2122 368 2183 vel
407 2123 743 2200 plusquamperfectum.
801 2122 926 2182 Placido
964 2123 1055 2199 igitur
1094 2140 1184 2182 cursu
1222 2123 1290 2182 fluit

168 2224 272 2303 oratio,
294 2225 343 2285 ubi
367 2227 493 2286 aoristus
518 2226 598 2286 facta
613 2230 742 2302 enarrat,
764 2225 970 2302 imperfectum
994 2244 1030 2285 ea
1049 2225 1187 2301 explicat,
1211 2243 1289 2301 quae

167 2327 354 2388 describendi
386 2346 477 2387 eausa
507 2324 736 2399 inseruntur35).
796 2330 859 2387 lam
895 2329 1025 2388 occurrit
1055 2329 1096 2386 in.
1116 2328 1173 2387 boc
1209 2328 1289 2386 iusto

117 2489 121 2497 ,
152 2432 266 2490 retum
290 2429 393 2490 ordine
415 2430 514 2490 subito
537 2448 681 2506 praesens
706 2448 761 2506 pro
783 2431 953 2507 praeterito.
997 2431 1134 2506 Miratur,
1154 2429 1291 2489 subsistit

167 2551 251 2594 mens
265 2531 411 2601 auditoris
427 2535 461 2591 ut
484 2533 513 2590 in
531 2551 563 2592 re
579 2532 709 2597 insolita
722 2536 753 2592 et
769 2536 890 2609 praeter
906 2534 1158 2610 exspectationem
1174 2532 1292 2610 oblata3

168 2653 228 2714 quc
251 2618 293 2712 lt,
317 2638 350 2695 ut
372 2653 409 2694 ex
431 2635 663 2713 praeteritarum
685 2654 784 2695 rerum
808 2636 950 2695 memoria
973 2653 1039 2695 sese
1061 2635 1146 2712 qnasi
1168 2639 1292 2695 revocet

168 2739 199 2798 in
221 2721 408 2816 praesentem
441 2757 527 2811 suum
557 2741 665 2798 statum
695 2743 725 2798 et
747 2758 835 2815 quam
866 2739 1119 2798 accuratissimam
1148 2738 1192 2798 rei
1221 2756 1294 2815 pro·>

168 2841 292 2919 positae,
315 2841 346 2899 in
362 2859 421 2918 qua
436 2841 539 2905 haeret
555 2841 661 2901 mentis
677 2841 826 2917 cogitatio,
848 2841 968 2917 assequi
989 2840 1109 2901 studeat
1123 2839 1293 2917 imaginem.

169 2944 236 3018 Qua
268 2962 305 3003 ex
338 2961 439 3003 rerum
471 2944 647 3004 condicione
681 2945 767 3003 simul
794 2944 975 3020 perspicitur
1005 2943 1080 3003 ratio
1109 2961 1185 3020 quae
1213 2943 1292 3002 inter

169 3045 375 3124 imperfectum
402 3049 433 3105 et
453 3047 595 3106 aoristum
620 3049 650 3106 et
672 3064 815 3122 praesens
838 3046 1013 3105 historicum
1036 3045 1205 3106 intercedit.

255 3262 288 3326 ³¹⁵)
304 3259 394 3314 Recte
411 3257 448 3312 A.
461 3259 506 3313 W.
519 3257 648 3327 Schlegel
667 3260 742 3327 apud
760 3260 935 3329 Kruegerum
954 3259 1002 3313 Gr.
1017 3261 1050 3314 D.
1069 3263 1137 3326 553,
1153 3263 1173 3314 l.
1195 3255 1250 3311 Ad.
1264 3263 1291 3312 7:

170 3346 236 3410 ,das
260 3345 446 3413 Vergangene
470 3345 516 3399 nie
540 3345 581 3399 als
605 3345 797 3414 gegenwitrtig
820 3346 1009 3399 vernustellen
1031 3345 1069 3399 ist
1093 3345 1142 3398 der
1165 3343 1293 3412 Gattung

169 3447 201 3486 so
221 3429 386 3485 wesentlicb
398 3430 489 3499 eigen,
508 3430 574 3485 dass
587 3430 637 3484 der
648 3429 770 3498 Dichter,
789 3428 971 3485 vermuthlicb
984 3428 1055 3484 ohne
1068 3428 1127 3484 sicb
1140 3428 1293 3483 besonders

169 3517 254 3571 daran
272 3531 307 3568 au
326 3515 468 3583 erinnem,
487 3515 533 3570 die
551 3513 797 3583 Ausscbliessung
815 3515 865 3569 des
883 3516 1002 3570 Pritsens
1020 3515 1070 3570 der
1087 3513 1247 3568 Zeitwdrter
1263 3514 1293 3567 in

169 3602 218 3657 der
248 3599 408 3669 Eruliblung
437 3599 652 3669 durehgebends
685 3600 877 3655 beobacbtet.“
930 3600 1010 3665 Quod
1043 3600 1116 3654 idem
1148 3597 1293 3653 confirmat

168 3686 292 3741 Kiihner.
310 3687 357 3741 ll.
375 3686 461 3757 §382‚
475 3691 498 3740 2.
535 3682 630 3750 ,Aber
652 3686 702 3740 der
725 3684 825 3754 ruhige
843 3687 904 3739 'l'ou
930 3686 979 3740 der
997 3684 1130 3756 epischen
1149 3683 1294 3753 Diebtung

168 3771 347 3829 versehmiiht
360 3772 458 3826 diesen
471 3771 630 3841 Gebraucb3
642 3772 671 3824 in
683 3771 738 3826 den
751 3770 951 3825 Homerisehen
964 3770 1114 3839 Gesiingen
1126 3769 1215 3824 findet
1233 3767 1293 3824 sich
1339 3786 1340 3790 ¹

168 3859 252 3912 baum
278 3857 378 3926 irgend
406 3859 468 3911 eine
496 3855 571 3928 Spur
598 3857 690 3910 daven
708 3861 750 3926 (η,
771 3858 842 3924 lot),
866 3856 909 3910 cin
932 3855 1061 3910 Gleicbes
1085 3855 1138 3923 gilt
1159 3869 1216 3909 von
1237 3853 1292 3908 den

168 3931 371 4011 Nibelungen.“
391 3943 538 4010 —Longe
560 3941 614 3995 alia
636 3956 703 3996 vero
728 3946 772 3995 est
796 3939 935 3995 Aeneidis
959 3939 1094 3994 condicio.
1138 3938 1292 4008 Vergilium

169 4028 249 4096 euim,
267 4043 322 4082 non
340 4026 464 4087 eadvum
476 4026 552 4080 illum
571 4026 684 4096 quidem
696 4031 807 4094 poetam
821 4025 871 4080 scd
890 4025 1046 4095 elegantiae
1058 4023 1292 4079 studiosissimum

80 4154 85 4161 .
169 4109 305 4181 praeseus
330 4112 393 4166 bist.
417 4127 474 4166 non
495 4112 578 4166 modo
600 4127 654 4164 non
680 4111 836 4180 sprevisse,
856 4111 905 4165 sed
930 4111 1024 4179 potius
1042 4110 1189 4165 affectasse
1212 4108 1296 4163 dccet

166 4197 226 4254 Jul.
243 4201 311 4268 Ley.
331 4196 415 4265 Verg.
434 4202 542 4266 quaest.
565 4212 607 4266 sp.
620 4196 641 4250 Ι.
663 4196 713 4258 „de
733 4202 886 4265 temporum
906 4203 974 4250 nsu“
994 4213 1021 4265 p.
1038 4200 1121 4263 lsqq.

111 4328 114 4333 .
251 4283 286 4347 ³⁶)
309 4279 350 4336 of.
368 4282 463 4336 den.
481 4282 530 4336 l.l.
548 4282 636 4351 §.tto
656 4288 679 4336 o.

212 4402 405 4627 N
