2752 4664
1147 290 1234 389 *31

296 459 297 463 ’
371 451 480 544 μόρον
503 450 532 523 d’
545 451 692 544 ἄφερτον
715 458 918 536 Πελοπίδαις
940 450 1162 542 ἐπεύχεται.

117 588 145 628 v.
172 573 260 630 1606.
373 563 491 645 τρίτον
512 557 574 647 γὰρ
600 555 682 627 ὄντα
703 553 736 646 μ’
748 553 802 627 iat
827 551 893 626 δέκ’
917 553 1029 646 ἀθλίῳ
1051 562 1153 646 πατρί

372 660 656 746 συνεξελαύνει
678 661 809 730 τυτθόν
832 655 902 728 ὄντ’
924 655 960 729 έν
983 660 1194 750 σπαργάνοις.

204 775 238 832 ln
262 774 447 849 Choephoris
470 762 614 851 praesens
638 774 811 834 historicum
834 792 892 833 non
916 777 966 833 ext
987 778 1007 833 t.
1028 771 1118 846 —⁴³)

185 864 433 936 'Eumenidem

205 979 294 1038 Initio
321 979 438 1055 prologi
464 979 575 1056 Pythia
604 980 687 1038 varia
718 978 779 1037 fata
805 979 918 1038 oraculi
947 979 1086 1057 Delphici
1110 983 1240 1055 enarrat,

120 1081 210 1140 nullis
232 1080 331 1140 adhuc
354 1081 443 1140 animi
465 1082 738 1158 perturbationibus
760 1083 898 1152 excitata,
921 1087 954 1140 nt
975 1083 1126 1159 praesenti
1150 1082 1239 1141 histo·

120 1185 182 1243 rico
205 1184 234 1242 in
258 1188 317 1242 tam
340 1185 441 1258 quieta
464 1185 664 1262 descriptione
688 1185 791 1244 deesse
814 1184 952 1244 videatur
974 1186 1052 1244 iusta
1075 1202 1174 1244 causa.

205 1287 321 1346 Primos
358 1287 470 1346 oraculi
507 1288 558 1364 qui
590 1288 744 1346 extiterint
771 1305 960 1362 possessores
989 1288 1160 1364 praeteritis
1190 1287 1240 1346 ad·

120 1389 221 1449 bibitis
252 1393 416 1466 enumerat,
439 1389 549 1449 Gaeam
573 1396 602 1450 et
623 1390 764 1466 Themin,
786 1373 806 1468 ἢ
830 1379 869 1467 δὴ
892 1380 932 1448 τό
954 1379 1078 1469 μητρός
1101 1382 1239 1468 δευτέρα

120 1478 192 1548 τόθ’
215 1480 306 1567 ἕζετο
328 1498 487 1568 μαντεῖον
511 1537 517 1549 .
542 1538 548 1550 .
574 1537 579 1550 .
604 1526 614 1535 -
640 1539 645 1549 .
757 1558 758 1562 ¹

345 1579 729 1673 '—m&fflwm

377 1681 479 1774 λόχει,
501 1687 677 1776 θελούσης,
701 1684 780 1756 odos
801 1681 887 1773 πρός
909 1691 986 1769 βίαν
1008 1681 1099 1766 τινός

380 1793 509 1869 Τιτανὶς
532 1787 616 1878 ἄλλη
639 1806 717 1870 παῖς
740 1785 877 1869 Χθονὸς
900 1793 1073 1874 καθέζετο,

381 1897 486 1982 Φοίβη
509 1948 516 1960 .
542 1948 548 1959 .
573 1947 580 1961 .

208 2006 270 2063 lam
292 2003 330 2063 ad
353 2005 524 2081 Apollinem
548 2006 598 2065 ubi
621 2007 766 2081 pervenit,
789 2023 933 2081 praesens
954 2004 1095 2064 infertur:

122 2127 150 2166 v.
174 2111 201 2166 7.
378 2102 516 2167 ditiores
540 2093 569 2165 δ’
583 2095 603 2187 ἡ
626 2101 802 2186 γενέθλιον
826 2094 920 2167 όόσιν
944 2101 1058 2186 Φοίβῳ

166 2214 195 2268 et
217 2209 296 2268 infra
318 2230 345 2269 v.
370 2215 418 2282 12,

378 2306 576 2390 πέμπουσι
599 2297 628 2370 δ’
642 2299 746 2371 αὐτόν
768 2308 825 2370 καὶ
847 2307 1032 2390 σεβίζουσιν
1052 2306 1136 2392 μέγα

378 2409 619 2474 κελευθοποιοὶ
640 2411 756 2486 παῖδες
772 2399 952 2491 Ἡφαίστου
975 2447 1017 2456 -

122 2535 151 2575 v.
177 2522 224 2576 15.
379 2504 529 2595 μολόντα
551 2503 696 2576 δἀότόν
718 2508 825 2597 κάρτα
846 2517 1039 2597 τιμαλφεῖ
1060 2508 1150 2588 λεώς.

123 2639 150 2677 v.
176 2624 224 2679 16.
378 2613 497 2700 τέχνης
519 2615 556 2679 δέ
577 2637 631 2678 νιν
654 2611 737 2690 Ζευς
760 2612 882 2680 ’ένθεον
903 2615 1018 2691 κτίσας
1040 2614 1146 2697 φρένα

125 2741 151 2782 v.
175 2727 222 2782 17.
378 2716 454 2799 ἵζει
475 2717 638 2802 τέταρτον
659 2712 759 2780 τόνδε
780 2711 903 2799 μάντιν
924 2708 960 2780 έν
981 2712 1130 2800 θρόνοις.

209 2826 267 2886 Sed
289 2831 388 2886 tamen
410 2828 577 2902 praesentis
593 2826 725 2885 historici
747 2826 825 2885 iusta
847 2844 938 2885 causa
957 2845 995 2885 ne
1010 2826 1046 2885 ab
1063 2827 1107 2884 his
1123 2826 1243 2902 quidem

123 2928 197 2988 locis
219 2928 309 2987 abest.

208 3031 338 3090 Primum
363 3031 440 3091 enim
456 3033 608 3110 sacerdos,
630 3050 697 3091 cum
713 3030 817 3092 eodem
833 3032 898 3091 loco
914 3034 1060 3102 versetur,
1083 3050 1142 3108 qno
1166 3050 1244 3108 quae

123 3139 227 3192 narrat
255 3133 337 3193 facta
369 3153 433 3194 esse
465 3135 620 3205 dicuntur,
649 3135 679 3193 in
709 3133 857 3209 Apollinis
887 3134 1008 3193 historia
1038 3135 1148 3210 optimo
1178 3135 1243 3195 iure

122 3240 341 3313 commoratur,
372 3238 483 3314 quippe
506 3239 558 3314 qui
581 3255 661 3296 nunc
685 3236 804 3296 oraculo
827 3237 942 3313 praesit
970 3239 1000 3296 et
1021 3237 1099 3296 iusta
1120 3255 1244 3298 venera·

121 3339 205 3398 tione
229 3340 393 3399 honoretur
423 3344 515 3417 atque
538 3341 660 3400 colatur.
686 3341 825 3399 —Tum
848 3356 920 3398 vcro
949 3340 1038 3398 etiam
1060 3344 1168 3416 poetae
1191 3341 1243 3399 ali·

123 3441 197 3517 quid
221 3441 391 3502 interfuisse
415 3443 541 3519 videtur,
564 3442 643 3501 hanc
658 3439 775 3500 fabulae
792 3441 828 3499 de
852 3441 965 3516 origine
989 3443 1104 3500 oraculi
1120 3448 1242 3519 partem,

122 3562 203 3620 quae
234 3545 272 3604 ad
301 3545 471 3620 Apollinem
502 3548 635 3622 spectat,
671 3543 841 3619 diligentius
871 3542 1021 3602 illustrari.
1078 3543 1245 3608 Scholiasta

208 3761 242 3826 ⁴²)
264 3756 318 3811 Vel
345 3757 439 3826 potius
467 3753 593 3826 σφαγίς,
621 3757 697 3826 qnod
723 3763 798 3812 recte
825 3755 977 3811 coniecisse
996 3755 1243 3812 ‘Schneidewinum

121 3843 172 3911 (ad
190 3859 217 3896 v.
233 3848 308 3907 1568)
327 3843 393 3896 mihi
411 3858 576 3913 persuasum
589 3849 641 3897 est.
670 3843 712 3898 cf.
726 3838 782 3912 Ag.
798 3847 870 3898 1388.
901 3843 944 3898 De
956 3842 1037 3896 tmesi
1050 3840 1084 3896 ct.
1096 3843 1173 3896 Pers.
1186 3847 1243 3897 669.

124 3931 183 3983 ror.
201 3933 259 3981 err.
279 3926 314 3982 af.
333 3929 420 3998 Krug.
440 3929 473 3982 D.
492 3930 560 3999 §es
580 3933 620 3996 rs,
638 3935 662 3982 4.

211 4017 246 4082 ⁴³)
263 4016 355 4068 Etiam
374 4015 425 4069 hac
445 4030 479 4069 ex
497 4020 577 4084 parte
595 4014 784 4081 confirmatur,
808 4014 884 4082 qnod
902 4013 1064 4084 Bernhardy
1083 4015 1118 4069 de
1135 4014 1187 4069 hac
1204 4013 1243 4068 fa·

121 4100 192 4156 bula
218 4100 336 4154 iudicat:
365 4099 397 4154 G.
416 4099 555 4154 Litter.ll
575 4103 602 4165 2,
627 4115 654 4167 p.
669 4102 718 4153 295
742 4100 797 4166 [ed.
816 4097 885 4165 lll):
915 4099 975 4161 „die
1001 4099 1125 4168 Sprache
1152 4102 1243 4155 dieses

121 4183 245 4240 Stiickes
262 4185 301 4238 ist
318 4183 385 4238 herb
403 4185 462 4238 und
479 4183 549 4251 hart,
567 4185 658 4238 selton
677 4184 772 4249 sobbe,
790 4181 862 4237 noch
880 4182 1003 4250 weniger
1018 4184 1067 4236 mit
1079 4186 1140 4239 dem
1154 4186 1243 4239 Glana

122 4271 174 4324 der
193 4270 292 4323 beiden
310 4270 415 4322 andorn
436 4269 548 4324 Glieder
567 4285 602 4321 nu
620 4268 819 4338 vergleichen.·‘
