2730 4664
117 286 159 347 32

117 461 235 537 quidem
264 461 301 519 ad
331 466 398 520 ut
429 462 503 519 liaeo
533 460 703 519 adnotavit:
736 452 903 540 Πίνδαρός
935 473 1015 542 φησι
1044 452 1131 542 πρὸς
1160 457 1239 536 βίαν

117 557 280 638 κρατῆσαι
308 558 448 631 Πυθοῦς
489 551 550 620 τὸν
591 545 799 620 Ἀπόλλωνα·
846 553 897 620 oto
933 558 990 621 καὶ
1025 559 1240 644 ταρταρώσαι

117 648 222 721 αὗτόν
244 647 349 740 ἐζήτει
373 651 392 741 ἡ
416 659 478 740 Γῆ.
517 665 576 722 lam
600 663 740 738 expedita
763 669 808 723 est
831 684 887 725 res.
925 668 1002 726 Nam
1026 669 1050 726 si
1072 685 1144 726 vere
1164 667 1239 726 haec

117 766 280 826 scholiasta
296 766 459 843 contendit,
478 767 659 842 Aeschylum
677 765 799 826 Pindari
815 768 982 845 corrigendi
999 769 1099 828 studio
1115 769 1239 828 ductum

118 870 192 928 hacc
215 870 385 928 accuratius
409 876 555 928 tractasse
571 873 705 945 apparet,
721 873 751 927 ct
765 888 907 945 praesens
923 871 991 930 hist.
1006 877 1121 932 tantum
1144 871 1240 947 abest,

117 978 150 1030 ut
173 972 209 1031 ab
233 971 289 1030 hoc
313 971 412 1030 studio
436 971 564 1030 alienum
587 970 633 1047 sit,
657 975 690 1029 ut
705 972 783 1029 ultro
800 989 837 1030 ex
853 991 888 1031 eo
904 973 1075 1033 redundare
1091 974 1240 1032 videatur.

116 1075 223 1150 Itaque
238 1073 310 1150 ipsis
325 1073 384 1132 illis
398 1073 606 1150 praesentibus
623 1073 847 1152 confirmantus,
859 1093 937 1151 qnae
950 1076 984 1135 G.
996 1073 1239 1142 Hermannus44)

117 1181 147 1235 et
169 1176 312 1235 audacius
334 1175 368 1236 Ο.
393 1175 553 1234 Muellerus
562 1171 600 1246 ⁴⁵)
624 1174 661 1234 de
684 1175 741 1235 hoc
764 1176 830 1235 loco
853 1181 1032 1238 statuerunt

201 1278 335 1337 Tandem
365 1278 394 1335 in
425 1279 559 1336 oratione
588 1296 643 1352 pro
667 1276 774 1337 Oreste
805 1280 835 1337 in
866 1296 980 1339 summo
1012 1298 1113 1339 rerum
1136 1280 1239 1339 discri-

117 1382 194 1440 mine
224 1380 326 1440 habita
355 1379 462 1455 Apollo
491 1379 592 1438 caedis
622 1381 883 1457 Agamemnoneae
919 1384 1088 1441 memoriam
1119 1384 1239 1459 repetit,

116 1490 150 1542 ut
172 1501 286 1542 omnem
318 1501 420 1541 eorum
451 1483 503 1558 qui
528 1483 556 1540 in
588 1481 728 1541 iudicium
760 1484 857 1542 vocati
885 1491 957 1544 sunt
977 1486 1051 1544 iram
1075 1485 1187 1544 excitet
1208 1490 1240 1544 et

117 1586 332 1661 Clytemestrae
369 1584 468 1644 odium
507 1584 542 1643 iis
578 1585 678 1643 iniciat
723 1603 812 1661 quam
859 1587 1150 1646 vehementissimum
1188 1586 1239 1654 (of.

117 1708 144 1747 v.
167 1690 227 1748 638
240 1683 306 1762 sq·).
351 1687 403 1748 Oui
428 1687 553 1746 consilio
576 1689 687 1768 optime
711 1687 872 1763 respondet
894 1706 1038 1765 praeseus
1054 1688 1238 1749 historicum.

422 1775 506 1847 κάπὶ
527 1781 662 1865 τέρματι

372 1888 478 1968 φᾶρος
500 1879 759 1971 παρεσκὴνωσεν
781 1891 812 1965 (t)
834 1877 870 1952 ἐν
893 1877 923 1952 d'
934 1878 1092 1973 ἀτέρμονι

117 2015 145 2055 v.
168 1999 239 2057 635.
366 1983 485 2053 κόπτει
507 1977 665 2071 πεδήσασ’
687 1981 794 2071 ἄνδρα
817 1985 964 2074 δαιδάλῳ
985 1988 1114 2074 πέπλῳ.

205 2099 429 2175 Clytemestram
454 2099 532 2156 iusta
555 2100 649 2156 morte
672 2098 792 2156 sceleris
815 2100 960 2158 commissi
983 2117 1096 2177 poenas
1119 2097 1239 2158 dedisse

118 2221 153 2261 eo
184 2201 299 2259 facilins
329 2200 442 2259 indices
471 2199 526 2258 sibi
557 2199 799 2278 persuadebunt,
828 2218 888 2276 quo
919 2201 1045 2261 alacrior
1072 2205 1101 2261 et
1130 2200 1239 2261 clarior

118 2303 211 2379 ipsius
235 2302 377 2361 facinoris
401 2303 498 2361 animo
522 2304 698 2361 observatur
720 2303 826 2380 imago.

203 2405 264 2464 Iam
288 2404 415 2479 cognitis
438 2405 562 2478 siugulis
585 2403 656 2462 locis
678 2403 760 2474 fines,
782 2405 890 2480 quibus
913 2406 1081 2480 praesentis
1104 2404 1237 2465 historici

118 2526 189 2567 nsus
213 2506 402 2566 contineatur
424 2507 605 2565 constituere
628 2507 705 2565 licet.

203 2610 248 2669 Ac
277 2608 404 2685 primum
436 2609 555 2684 quidem
584 2609 613 2667 in
642 2609 783 2669 trimetris
815 2610 993 2687 plerumque
1024 2610 1088 2670 eius
1119 2612 1240 2686 generis

118 2713 288 2788 praesentia
318 2730 479 2772 occurrere
508 2716 740 2773 consentaneum
771 2719 823 2773 est.
874 2713 1033 2773 Rarissime
1062 2715 1092 2772 in
1125 2715 1239 2773 melicis

118 2815 306 2885 carminibus,
330 2814 441 2892 quippe
464 2834 542 2892 qnae
565 2815 708 2874 narrandi
731 2816 828 2875 locum
853 2816 924 2876 dare
947 2835 1007 2876 nou
1034 2817 1164 2890 soleant,
1195 2818 1239 2876 in-

118 2918 295 2987 veniuntur,
325 2924 358 2976 ut
389 2919 418 2976 in
449 2917 561 2992 parodo
583 2917 743 2977 Persarum
772 2924 802 2977 et
832 2920 861 2977 in
891 2921 1007 2979 cantico
1030 2918 1080 2979 illo
1103 2919 1184 2996 quod
1207 2919 1238 2978 in

118 3020 292 3095 Supplicum
315 3019 419 3079 fabula
442 3022 532 3078 extat

203 3124 309 3198 Neque
341 3123 438 3181 minus
467 3126 699 3181 consentaneum
729 3125 791 3197 est,
821 3122 845 3180 si
868 3125 1089 3183 enuntiatorum
1112 3123 1238 3183 formam

117 3226 309 3301 respicimus,
347 3223 436 3298 longe
466 3222 595 3298 plurima
633 3224 802 3298 praesentia
840 3224 981 3285 historica
1018 3227 1049 3285 in
1083 3227 1240 3286 sententiis

119 3326 333 3402 principalibus
355 3325 499 3402 inveniri,
522 3343 598 3400 quae
620 3325 776 3400 particulis
799 3327 989 3402 paratacticis
1011 3345 1065 3400 τε,
1088 3321 1161 3399 καὶ,
1192 3319 1239 3400 δὲ,

119 3430 350 3504 coniunguntur.
398 3427 506 3485 Rarius
536 3427 715 3486 secundaria
744 3429 893 3488 sententia
923 3448 941 3487 a
972 3430 1125 3506 temporali
1148 3432 1239 3507 parti-

121 3560 323 3569 ——..--—-

204 3644 238 3707 ⁴⁴)
256 3637 298 3695 Of.
316 3639 465 3694 Hermann.
483 3641 562 3694 Eum.
580 3656 606 3693 v.
620 3644 643 3694 5.

204 3729 238 3792 ⁴⁵)
256 3725 306 3779 Od.
330 3725 422 3779 lluell.
440 3726 519 3778 Eum.
543 3741 569 3793 p.
591 3729 646 3778 183.
692 3726 740 3788 „In
765 3726 827 3781 dem
846 3728 1103 3798 Erdffuungsgebet
1120 3729 1169 3784 dor
1186 3728 1240 3798 Py·

118 3811 191 3864 thias
210 3808 330 3879 verfolgt
350 3810 475 3878 ungleich
489 3808 647 3878 Aeschylus
666 3810 711 3863 die
725 3812 956 3866 unverkennbare
970 3813 1097 3881 Absicht,
1114 3829 1165 3868 ans
1183 3813 1240 3868 den

118 3896 210 3964 Sagen
232 3911 289 3950 von
313 3894 362 3949 der
385 3895 543 3961 (li-lindum
567 3893 617 3946 des
642 3893 809 3963 Pythischen
834 3896 950 3950 Orakels
973 3897 1030 3951 und
1053 3898 1156 3954 dessen
1179 3913 1240 3953 ver-

119 3980 288 4035 schiedeoen
310 3980 454 4050 Besitacrn
478 3980 550 4034 allen
574 3977 660 4032 Streit
682 3981 739 4032 und
765 3980 857 4035 Hader
875 3999 909 4035 nu
929 3980 1088 4050 cutferuen,
1108 3983 1239 4040 withrend

112 4066 222 4119 Pindar
241 4106 247 4119 .
266 4105 272 4118 .
291 4107 297 4120 .
317 4106 323 4119 .
342 4066 395 4121 den
421 4065 525 4134 Kampl'
546 4064 595 4117 dor
621 4064 693 4117 Erde
717 4065 767 4117 mit
791 4065 851 4118 dem
877 4064 1000 4136 Apollon
1026 4083 1057 4121 so
1082 4068 1171 4139 heftig
1193 4084 1240 4138 ge·

119 4149 253 4204 achildert
269 4151 353 4220 hatte,
371 4153 437 4206 dass
455 4151 500 4205 dic
513 4149 586 4203 Erde
599 4149 645 4201 ilm
665 4149 692 4201 in
708 4150 762 4203 don
776 4150 906 4205 'l‘artaros
924 4170 958 4206 uu
977 4160 1087 4207 stosscn
1107 4155 1240 4211 versuoht

119 4234 209 4289 haben
229 4235 324 4291 sollte⁴⁴
343 4246 394 4291 etc.
