2752 4664
1210 304 1248 364 21

127 479 171 539 ita
193 479 351 557 explicuit,
383 483 415 537 ut
437 479 525 538 facile
549 497 732 556 cognoscere
760 479 857 555 possis
888 497 940 537 our
970 478 1102 553 perfecto
1127 479 1169 537 uti
1192 497 1250 536 ma·

127 581 220 642 luerit
240 586 339 659 poeta,
361 599 504 656 praeseus
527 582 740 658 repudiaverit.
785 581 864 640 lllud
887 582 971 655 euim,
995 581 1076 658 quod
1092 581 1172 656 Sept.
1187 584 1249 641 424

126 674 235 744 et'eos
251 681 416 743 iuvenitur:
438 680 500 741 τοῦ
522 672 631 762 πάρος
656 677 855 762 λελεγμένου
878 684 1092 760 intorpretatur
1113 685 1167 742 ita:
1197 685 1250 752 „lu

126 789 256 862 utroque
280 786 346 846 loco
368 774 478 865 πάρος
500 787 648 862 particula
670 785 811 845 aoristum
828 785 948 845 videtur
966 786 1133 863 roquirere3
1157 803 1249 861 qnare

127 888 305 964 particulam
326 887 406 947 illam
431 889 467 947 ad
489 889 639 948 notionem
663 888 789 948 actionis
812 888 875 947 eius
899 906 977 964 quae
999 876 1122 964 peraeta
1136 882 1166 947 iu
1183 907 1248 964 por·

125 988 207 1049 fecto
228 990 305 1049 inest
326 991 492 1067 appositam
516 1009 580 1050 esse
604 995 780 1068 statuemus,
802 991 992 1067 participium
1014 994 1113 1049 autem
1138 988 1248 1068 λελεγ-

125 1085 227 1169 privor
257 1111 317 1151 uon
349 1111 414 1151 eum
443 1093 611 1168 significare
634 1093 671 1153 de
696 1111 756 1169 quo
779 1097 867 1152 antea
891 1092 999 1152 dictum
1025 1096 1083 1170 ost,
1104 1093 1156 1152 sod
1181 1112 1248 1152 oum

126 1213 217 1272 quem
239 1211 277 1254 ex
300 1197 578 1255 commemoratione
601 1196 651 1254 illa
675 1193 839 1255 novimus.“
888 1183 925 1254 Et
956 1194 993 1253 ad
1016 1196 1166 1255 Prometh.
1185 1199 1247 1256 825

127 1282 149 1354 d
174 1290 257 1376 πρὶν
285 1295 405 1374 μολεῖν
435 1283 525 1375 δεῦρ’
557 1287 809 1377 ἐκμεμόχθηκεν
839 1286 975 1375 eorico),
1002 1297 1080 1356 idom
1110 1297 1249 1357 adnotat:

126 1399 344 1469 „Prometheus
360 1399 491 1476 perfeeto
513 1402 617 1478 utitur,
639 1402 710 1477 quia
733 1419 792 1460 non
816 1418 892 1476 quae
916 1401 1035 1477 singula
1050 1401 1081 1459 Io
1104 1419 1249 1477 perpessa

124 1502 164 1561 sit
187 1519 310 1561 narrare
333 1501 388 1562 sed
410 1521 446 1561 ea
467 1504 664 1579 pronuntiare
687 1503 761 1581 vult,
784 1521 861 1579 quae
885 1503 1041 1561 exanclato
1059 1504 1116 1561 iam
1140 1503 1248 1563 habeat

123 1608 155 1664 et
179 1605 348 1680 superata.“
371 1635 414 1644 —
435 1604 647 1664 Additamenta
674 1606 764 1681 igitur
787 1606 836 1663 illa
863 1605 1040 1681 temporalia
1070 1625 1135 1664 cum
1168 1625 1247 1675 „nou

122 1706 162 1767 ad
187 1709 296 1765 statum
319 1712 522 1785 praesentem,
554 1709 603 1784 qui
635 1709 663 1767 iu
688 1708 821 1783 perfecto
845 1709 934 1781 inest,
961 1707 1014 1768 sod
1040 1707 1076 1767 ad
1100 1710 1247 1767 actionem

122 1813 285 1885 autequam
314 1812 409 1869 stains
438 1810 493 1870 iste
523 1811 667 1870 incideret
696 1814 865 1887 peractam,
894 1829 971 1887 qnae
1002 1830 1061 1870 uon
1093 1811 1190 1870 minus
1216 1812 1246 1869 in

121 1910 261 1988 perfeeto
283 1912 375 1988 inest,
397 1913 566 1987 spoctcnt‚“
593 1912 654 1972 lieri
679 1933 739 1971 nou
763 1917 874 1988 potest,
899 1914 969 1989 quin
994 1913 1031 1971 ad
1056 1932 1154 1972 rerum
1179 1932 1246 1972 cou-

120 2013 270 2073 diciouem
301 2014 508 2091 explicandam
537 2020 566 2073 et
602 2015 805 2074 illustrandam
841 2015 974 2093 perfecta
1006 2016 1058 2074 illa
1088 2016 1245 2093 plurimum

120 2116 281 2187 valuerint,
306 2120 337 2175 ut
359 2117 447 2176 etiam
471 2136 508 2176 ex
532 2119 586 2176 hac
610 2117 773 2177 variatione
796 2119 964 2195 praesentis
987 2123 1017 2178 et
1039 2117 1246 2193 pe1·feotistu-

120 2218 204 2277 dium
228 2214 410 2299 πλαστικῆς
432 2219 630 2297 Aeschyleum
653 2224 790 2296 apertum
813 2221 859 2279 sit.

648 2487 721 2569 εν.

210 2682 301 2742 (luins
323 2683 456 2742 eiusdem
480 2683 568 2742 studii
590 2683 759 2741 testimonia
783 2684 865 2741 nulla
889 2686 1007 2742 exstant
1035 2681 1247 2758 manifestiora,

120 2802 214 2860 qnam
242 2802 344 2844 corum
380 2804 457 2861 quae
484 2786 513 2842 in
545 2785 696 2843 narrando
735 2791 919 2860 usurpantur
955 2783 1248 2861 tomporurndiseri·

121 2886 220 2963 mina,
248 2886 349 2946 aoristi
374 2889 503 2958 scilicet,
535 2887 699 2963 imperfecti
731 2887 805 2960 (sive
833 2885 1133 2964 plusquamperfect)
1164 2904 1248 2963 prae·

120 2990 217 3048 sentis
241 2989 372 3065 denique
395 2991 533 3049 historici.

209 3108 309 3185 Atque
339 3110 440 3168 aoristi
476 3108 595 3184 quidem
629 3114 659 3168 et
688 3110 863 3186 imperfecta
893 3109 964 3186 quid
1002 3108 1056 3167 sibi
1094 3109 1189 3166 velint
1218 3109 1247 3165 iu

121 3214 263 3287 promptu
286 3214 345 3286 est3
377 3212 486 3270 aoristo
517 3214 594 3269 euim
623 3211 703 3269 faeta
730 3230 794 3272 sose
823 3213 965 3287 deinceps
987 3210 1167 3287 excipientia
1190 3212 1247 3268 sin-

121 3311 245 3387 gulatim
270 3318 464 3387 enarrantur,
493 3313 700 3389 imperfectum
725 3317 840 3389 autern,
868 3315 949 3391 quod
979 3332 1039 3373 non
1063 3312 1247 3371 narrativum

123 3414 180 3473 sed
204 3414 418 3492 descriptivum
443 3416 507 3474 iure
530 3420 648 3492 tompus
669 3417 849 3495 appellatur,
872 3417 909 3476 ad
932 3415 1133 3475 accuratiores
1148 3431 1247 3473 rerum

121 3516 268 3592 imagines
299 3516 509 3592 exprimendas
541 3516 709 3576 adhibetur.
761 3519 940 3578 Historieum
969 3521 1066 3575 autem
1097 3532 1248 3592 praeseus,

123 3618 205 3695 quod
233 3619 354 3696 Graeci,
387 3638 447 3695 qua
478 3620 628 3678 excellunt
657 3621 768 3694 ingenii
802 3620 966 3678 admirabili
994 3619 1133 3677 facilitate
1157 3622 1247 3694 atque

123 3721 306 3798 mobilitate,
341 3741 395 3782 suo
431 3721 650 3798 quodammodo
682 3723 746 3783 iure
779 3723 834 3781 sibi
865 3718 1156 3795 vindicaverunt34),
1187 3724 1246 3779 tam

120 3824 244 3883 insolito
274 3842 366 3901 saepe
395 3842 475 3884 more
499 3828 676 3901 usurpatur,
707 3829 739 3884 ut
766 3825 990 3901 diligentiouem
1014 3823 1246 3900 explicationem

120 3925 263 3986 videatur
286 3927 413 4002 exigere.

210 4028 256 4087 Ac
278 4028 315 4088 ab
338 4030 424 4106 epico
448 4029 565 4105 quidem
591 4048 702 4106 genere
726 4034 783 4089 tam
808 4031 975 4091 rhetoricus
998 4031 1079 4090 color
1105 4028 1247 4089 orationis

210 4279 245 4344 ³⁴)
262 4274 304 4331 (il.
324 4274 415 4331 Kiilm.
433 4277 519 4348 §eth
534 4282 557 4329 2.
594 4276 745 4332 Delbrlick.
766 4277 823 4332 Alt.
842 4278 938 4347 Temp.
957 4295 984 4347 p.
998 4281 1037 4332 89.

1268 4348 1327 4392 Δ
