2752 4664
378 441 561 537 ἠλιβάτοις,
585 441 627 514 i'v'
651 439 736 536 ἀλκᾷ
757 448 901 524 πίσυνος
921 447 1045 532 μέμυκε

380 548 552 637 φράζουσα
575 555 691 638 βοτῆρι
712 544 871 634 μόχθους.

76 718 81 725 .
123 664 202 740 Sept.
227 666 296 724 604.
377 649 423 731 ὡς
445 650 507 739 γὰρ
531 645 688 736 §casalicio
709 657 832 718 πλοῖον
854 643 988 736 εὐσεβής
1012 643 1100 737 ἀνὴρ

379 749 533 822 ναύταισι
558 762 697 840 θερμοῖς
718 757 774 819 καὶ
796 755 1004 840 πανουργίας
1024 754 1144 840 πλέῳς

379 855 508 924 ὄλωλεν
531 871 585 925 etc.

124 972 180 1049 Ag.
208 975 280 1032 423.
385 954 496 1047 μάταν
519 957 591 1046 γὰρ,
615 946 682 1025 εὖτ’
706 954 748 1024 ἄν
770 955 879 1025 ἐσθλά
898 983 949 1036 τις
972 959 1089 1024 δοκῶν
1112 954 1189 1048 ὁρᾷ,

212 1077 214 1081 ’
381 1059 625 1149 παραλλάξασα
649 1059 703 1128 διὰ
723 1065 832 1149 χερῶν

379 1167 522 1245 βέβακεν
545 1158 621 1250 ὄψις
645 1177 699 1231 etc.

126 1278 209 1352 Quae
232 1278 367 1354 perfecta
391 1277 532 1353 „propius
556 1276 706 1352 praesenti
730 1294 790 1334 rem
815 1279 868 1334 aut
897 1277 1066 1335 manentem
1089 1278 1145 1335 aut
1167 1276 1252 1335 itera·

125 1385 185 1440 tam
208 1371 395 1457 significare“
419 1377 562 1437 videntur
585 1377 635 1451 (el.
659 1377 764 1437 Brock.
780 1379 797 1436 l.
813 1380 831 1437 l.
847 1396 875 1453 p.
891 1374 953 1450 49).

116 1481 120 1488 “
212 1483 274 1541 Iam
297 1500 370 1542 vero
394 1483 417 1540 si
442 1481 574 1541 eiusdem
600 1480 707 1555 studii,
730 1480 810 1540 unde
832 1481 884 1540 illa
907 1481 1007 1540 aoristi
1030 1483 1061 1539 et
1082 1479 1252 1557 praesentis

126 1585 252 1644 variatio
282 1584 440 1661 profluxit,
477 1584 536 1642 alia
566 1583 736 1642 testimonia
768 1584 953 1659 quaerimus,
988 1583 1163 1659 praesentia
1194 1600 1252 1641 non

127 1706 226 1764 pauca
256 1687 435 1761 offeruntur,
464 1686 494 1744 in
524 1685 631 1762 quibus
664 1687 843 1745 contrariam
876 1684 1008 1744 ciusdem
1038 1683 1253 1743 vicissitudinis

128 1792 186 1849 vim
209 1791 425 1867 cognoscimus.
469 1789 547 1848 Nam
564 1788 645 1864 quod
669 1787 742 1846 alias
765 1789 875 1847 aoristo
891 1787 969 1847 idem
993 1805 1054 1847 non
1077 1804 1148 1846 raro
1170 1803 1253 1864 prae

127 1893 204 1952 senti
227 1897 316 1969 poeta
337 1892 514 1968 assequitur.

659 2107 723 2187 ΙΙ.

214 2270 261 2327 Ex
287 2267 427 2345 liberiore
457 2269 534 2327 enim
564 2267 694 2342 quadam
725 2267 873 2327 sentiendi
901 2270 931 2325 et
953 2265 1106 2342 cogitandi
1136 2267 1255 2326 ratione

128 2371 168 2441 lit,
192 2374 224 2430 ut
246 2371 333 2429 etiam
357 2370 394 2428 ad
418 2388 480 2440 res,
504 2388 582 2445 quae
604 2374 779 2445 praesentes
802 2387 861 2427 non
885 2372 963 2446 sunt,
992 2370 1161 2445 praesentis
1185 2386 1256 2428 usus

128 2471 335 2532 transferatur.
394 2474 502 2548 Neque
532 2474 679 2547 repugnat
708 2470 777 2528 huic
813 2472 952 2530 licentiae
989 2473 1055 2547 ipsa
1085 2471 1257 2547 praesentis

130 2579 252 2645 natura,
284 2593 348 2633 cum
382 2579 412 2634 et
442 2575 563 2651 stirpem
587 2574 755 2650 praesentis
787 2572 895 2632 nullam
928 2573 1071 2651 temporis
1101 2574 1257 2632 notionem

130 2678 288 2754 complecti
300 2675 336 2750 ¹⁵)
367 2680 396 2736 ct
425 2683 545 2754 praeter
574 2676 766 2736 indicativum
798 2680 912 2736 ceteros
943 2677 1110 2753 praesentis
1142 2677 1258 2752 modos,

130 2780 308 2841 infinitivum
330 2781 506 2854 praesertim
530 2784 559 2838 ct
580 2780 785 2856 participium,
807 2780 950 2855 temporis
973 2780 1094 2838 notione
1118 2779 1259 2855 neglecta

131 2883 205 2941 nihil
220 2883 277 2940 nisi
299 2884 444 2941 actionem
468 2882 670 2958 imperfectam
695 2879 862 2957 significare
886 2878 1057 2953 constctffi).

216 2985 262 3043 Ac
275 3003 312 3043 nc
325 2984 404 3042 illam
418 2983 535 3058 quidem
552 2984 695 3059 temporis
710 2985 870 3060 notionem,
886 3001 963 3058 quae
978 2982 1140 3042 ludicativo
1153 3001 1260 3058 quam-

132 3105 220 3162 quam
235 3088 299 3162 ipsa
321 3087 385 3145 eius
401 3085 496 3145 forma
510 3103 570 3144 nou
587 3104 730 3162 expressa
745 3086 880 3161 accessit,
902 3085 1124 3161 angustioribus
1146 3084 1258 3146 finibus

131 3189 275 3247 inclusam
293 3206 358 3247 esse
382 3206 418 3247 ex
442 3206 539 3247 rerum
556 3194 663 3246 natura
686 3189 886 3263 consequitur,
910 3188 1050 3264 quoniam
1066 3188 1096 3245 in
1113 3190 1259 3247 continua

131 3291 204 3367 fuga
225 3308 325 3348 rerum
348 3307 491 3365 praescus
515 3294 631 3366 tempus
654 3308 714 3349 non
738 3307 803 3348 esse
826 3293 941 3365 posset,
972 3291 1044 3366 nisi,
1066 3290 1146 3364 quod
1170 3308 1257 3365 prae·

131 3393 300 3452 tcrfluendo
323 3409 441 3468 semper
464 3393 607 3468 elabitur,
636 3393 733 3450 animo
757 3392 909 3451 hominum
932 3393 973 3450 ita
994 3393 1204 3468 perciperetur
1227 3396 1258 3452 ct

74 3527 78 3538 ·
133 3495 333 3554 custodiretur
357 3495 506 3569 memoria,
529 3498 561 3552 ut
584 3513 621 3552 ex
643 3513 741 3553 rernm
763 3495 883 3553 flumine
907 3499 1080 3554 revocatum
1103 3499 1256 3571 tamquam

135 3598 244 3657 morari
281 3596 445 3673 paullulum
476 3603 506 3656 et
535 3597 726 3672 acquiescere
762 3595 973 3672 cogereturfft.
1030 3597 1096 3669 Quo
1137 3596 1187 3674 lit,
1224 3602 1259 3657 ut

133 3707 337 3722 -h————

221 3761 252 3825 15)
270 3757 428 3812 Delbriick:
451 3758 508 3812 Der
532 3757 615 3812 Gcbr.
634 3759 660 3811 d.
680 3758 758 3814 Ocni.
778 3775 803 3812 u.
824 3759 886 3829 Opt.
904 3758 940 3811 im
966 3757 1074 3813 Sanscr.
1094 3776 1121 3813 u.
1144 3759 1256 3814 Griech.

134 3850 187 3915 pl
205 3844 273 3897 hacc
291 3843 446 3896 contendit:
467 3843 511 3897 die
530 3843 770 3912 'lempusstitmme
790 3834 992 3898 des'Praesens
1011 3844 1068 3896 und
1080 3841 1177 3898 Aorist
1196 3849 1256 3899 ent-

133 3930 228 3984 halten
245 3960 278 3968 -
296 3927 387 3982 nichts
406 3944 459 3980 von
480 3928 649 3992 Geganwart
667 3929 725 3982 und
743 3927 973 3996 Vorgangeulreit
990 3928 1018 3981 in
1037 3928 1106 3983 sich.

222 4017 252 4079 ¹⁰]
271 4013 314 4070 cf.
330 4012 438 4067 Kohlm.
457 4013 474 4066 l.
489 4014 505 4066 l.
524 4017 539 4079 ᾗ
557 4018 578 4067 1.
593 4027 615 4066 c.
634 4019 724 4081 pg.6;
742 4018 757 4080 g
776 4017 799 4081 3,
813 4029 836 4066 a.
855 4029 900 4083 pg.
922 4018 961 4068 13.
975 4013 999 4081 b,
1019 4030 1046 4082 p.
1066 4018 1104 4068 14.
1132 4013 1255 4070 Kiihner.

134 4100 181 4155 Gr.
193 4099 228 4167 II,
243 4103 265 4151 t.
283 4102 298 4164 ᾗ
310 4101 368 4166 389,
381 4102 404 4151 3.
441 4097 555 4152 Curtius
574 4097 620 4152 Gr.
634 4098 649 4168 ξ
663 4103 720 4152 490.
756 4096 931 4154 ὃοοιοοίΐοὶᾶ.
945 4098 963 4153 l.
975 4099 993 4152 l.
1006 4115 1033 4168 p.
1047 4102 1087 4153 88.

222 4187 254 4252 ¹⁷)
270 4183 313 4237 De
331 4183 381 4237 hac
399 4198 427 4238 rc
440 4182 498 4252 jam
517 4183 658 4238 Harrisius
677 4181 711 4238 cf.
728 4183 843 4238 Hermes
862 4201 889 4253 p.
902 4186 934 4238 86
953 4183 1095 4238 subtiliter
1114 4183 1255 4238 disseruit.

135 4268 177 4325 ef.
196 4271 277 4325 etiam
296 4268 431 4338 Krueger.
444 4267 490 4323 Gr.
503 4267 564 4338 Spr.
574 4269 595 4337 Ι,
613 4273 680 4336 §tt
