2752 4664
209 475 356 533 Praesens
379 473 470 550 igitur
493 473 604 533 norisio
623 473 765 551 praetulit
787 475 896 533 chorus
919 474 1045 550 agminis
1067 473 1284 548 proficiscentis

207 577 365 654 imaginem
382 577 479 636 anime
496 583 734 653 repraesentans.
771 578 846 636 Turn
871 578 928 636 alia
951 577 1079 636 celerius
1103 594 1285 653 percurrens

208 681 319 739 norisio
343 697 415 738 usus
438 680 553 755 pergit:
577 667 703 749 ἄλλους
727 673 763 737 δὲ
786 710 827 718 -
849 677 970 749 Νεῖλος
993 669 1149 757 ἔπεμψεν,
1179 679 1232 738 ned
1254 679 1284 736 in

209 783 366 859 pristinum
393 783 483 841 animi
505 787 615 842 etatum
638 788 796 843 revertens
818 787 957 842 versatur
979 782 1054 842 adeo
1077 783 1107 841 in
1130 783 1283 858 Lydorum

117 898 118 904 ’
209 886 336 962 agminis
357 885 531 945 reeensiene
554 891 588 944 ut
610 886 715 945 redeat
736 885 774 944 ad
797 903 940 961 praesens
963 885 1149 944 historicum:

165 1007 192 1045 v.
216 993 265 1048 41.
420 975 645 1065 ἁβροδιαίτων
669 973 697 1047 δ’
713 978 847 1047 έπεται
869 981 994 1047 Λυδῶν
1016 973 1114 1064 ὄχλος

209 1094 239 1149 et
261 1087 489 1150 Sardianorum:

420 1187 478 1250 καὶ
499 1183 708 1273 πολύχρυσοι
730 1184 872 1272 Σάρδεις
894 1182 1036 1270 ἐπόχους

167 1317 195 1356 v.
218 1300 268 1356 46.
421 1295 561 1368 πολλοῖς
583 1281 724 1375 άρμασιν
746 1289 966 1376 ἐξορμῶσιν

211 1404 241 1458 et
262 1399 471 1458 Tmolitarum:

167 1521 195 1562 v.
218 1505 268 1562 49.
422 1497 585 1560 στεῦται
608 1487 637 1561 δ’
650 1494 743 1581 ἱεροῦ
768 1490 907 1581 Τμώλου
929 1487 1072 1560 πελάται
1094 1532 1136 1542 -«

211 1608 240 1664 et
262 1605 509 1682 Babyloniorum:

473 1688 638 1780 Βαβυλῶν
661 1693 689 1768 δ’

424 1798 444 1888 ἦ
466 1799 683 1891 πολύχρυσος
704 1801 897 1899 πάμμικτον
920 1798 1024 1888 δχλον

169 1933 197 1972 v.
220 1916 269 1973 54.
306 1967 309 1973 .
422 1907 567 1991 πέμπει
589 1903 714 1994 σύρδην

212 2020 449 2093 ceterorumque,
472 2018 522 2092 qui
546 2035 583 2076 ex
606 2018 677 2077 Asia
699 2017 826 2093 profecti
848 2023 933 2077 sunt:

169 2138 195 2176 v.
220 2122 268 2179 57.
423 2103 463 2176 τὸ
485 2105 738 2199 μαχαιροφόρον
760 2104 788 2178 τ’
812 2111 914 2189 ἐ’θνος
936 2111 972 2177 ἐκ
994 2108 1101 2197 πάσης

424 2205 528 2293 Ἀσίας
550 2211 685 2280 έπεται
707 2253 750 2263 -
772 2253 812 2263 -
835 2254 878 2264 -

254 2324 315 2381 Iam
355 2323 491 2400 sequitur
522 2326 648 2385 Atoeene
687 2345 754 2385 eum
792 2326 883 2385 ehoro
924 2325 1113 2401 colloquium.
1172 2324 1290 2384 Somnia

169 2430 272 2485 narrat
293 2426 413 2504 regina,
444 2445 571 2503 quornm
601 2429 688 2488 maiis
715 2429 862 2488 ominibus
885 2428 1101 2487 exhorrescens
1123 2426 1161 2485 ad
1184 2444 1290 2485 senum

169 2528 299 2588 fidelium
325 2529 479 2588 eonsilium
505 2529 649 2607 confugit.
693 2531 807 2606 Insigni
830 2531 917 2589 modo
941 2531 1063 2589 anxium
1079 2531 1144 2590 eius
1160 2509 1289 2588 aninum

170 2630 304 2690 indicant
325 2633 511 2709 praesentia,
535 2632 643 2709 quibus
667 2652 702 2693 ea
725 2634 873 2711 describit,
896 2652 973 2710 quae
997 2633 1189 2709 gravissimae
1212 2631 1290 2691 exei-

170 2737 273 2793 tarunt
295 2735 386 2793 animi
409 2735 629 2796 sollieitudinee.
674 2736 737 2795 Sic:

170 2837 251 2895 Pers.
274 2856 301 2896 v.
326 2840 395 2898 191.
423 2822 565 2916 άρμασιν
589 2825 618 2896 δ’
633 2823 701 2897 ύπο

427 2929 640 3018 ζεύγνυσιν
662 2926 756 3000 αύτῶ
777 2935 833 2999 καὶ
856 2925 993 3000 λέπαδν’
1016 2926 1067 2998 ἐπ’
1092 2925 1244 3016 αύχένοον

424 3037 741 3123 τίθησι....οί
874 3050 878 3054 “

426 3139 483 3203 καὶ
503 3151 617 3223 χεροῖν
639 3136 717 3226 έντη
740 3141 864 3226 δίφρου

426 3237 711 3327 διασπαράσσει
733 3244 789 3308 καὶ
811 3238 1055 3327 ξυναρπάζει
1078 3241 1134 3328 βίᾳ

427 3337 508 3409 άνευ
529 3347 679 3429 χαλινῶν
701 3346 758 3410 καὶ
780 3337 884 3430 ζυγὸν
906 3340 1053 3430 θραύει
1074 3344 1185 3427 μέσον.

427 3449 565 3513 πίπτει
589 3440 617 3513 δ
633 3441 710 3533 έμὸς
732 3461 821 3528 παῖς,
844 3449 899 3514 καὶ
918 3439 1030 3532 πατὴρ
1053 3447 1294 3533 παρίσταται

429 3553 567 3636 Δαρεῖος
589 3550 751 3638 οἰκτίρων
773 3551 864 3633 σφέ.
892 3605 897 3614 .
923 3604 928 3614 .
955 3604 959 3614 .

173 3677 201 3716 v.
224 3661 293 3718 198.
427 3649 488 3717 τὸν
511 3644 541 3717 δ’
557 3645 650 3730 ὅπως
674 3647 745 3741 ὁρᾷ
979 3639 985 3658 ”

428 3756 551 3842 Ξέρξης
572 3755 722 3833 πέπλους
745 3751 932 3842 ῥήγνυσιν
954 3747 1037 3839 άμφὶ
1061 3748 1194 3837 σῶματι.
1218 3789 1259 3797 -

217 3862 357 3939 Sequitur
379 3866 472 3925 altera
495 3865 599 3925 somnii
620 3867 734 3942 imago:

173 3985 201 4024 v.
225 3968 294 4026 205.
429 3955 508 4046 δρῶ
532 3961 567 4025 δὲ
589 3951 745 4045 φεύγοντ’
768 3952 867 4025 άετδν
892 4013 897 4024 .
923 4013 928 4024 .
954 4012 960 4024 .
986 4011 992 4023 .

432 4117 437 4127 .
462 4116 469 4128 .
493 4115 499 4127 .
526 4114 532 4126 .
556 4059 653 4148 φόβῳ
675 4053 704 4128 δ
721 4055 894 4147 άφθογγος
916 4052 1073 4149 ἐστάθην,
1096 4062 1202 4143 φίλοι·

174 4191 201 4229 v.
225 4175 295 4232 207.
428 4157 637 4251 μεθύστερον
660 4165 696 4230 δὲ
718 4166 837 4250 κίρκον
859 4165 981 4252 εἰσορῶ
1004 4157 1117 4250 δρόμῳ

425 4280 564 4354 πτεροῖς
586 4267 834 4354 ἐφορμαίνοντα
858 4321 863 4332 .
889 4321 894 4332 .
921 4321 926 4332 .
