2752 4664
173 281 216 343 32

173 456 291 532 quidum
320 456 357 514 ad
387 460 455 515 v.2
486 457 559 514 hacc
590 454 759 512 adnotavit:
793 444 960 532 Πίνδαρός
992 467 1071 533 φησι
1101 444 1187 533 πρὸς
1216 449 1294 526 βίαν

173 552 336 635 κρατῆσαι
365 553 505 626 Πυθοῦς
544 545 607 613 τὸν
647 539 856 613 Ἀπόλλωνα·
903 545 954 613 ded
991 550 1046 613 καὶ
1082 550 1295 635 ταρταρώσαι

173 644 278 718 αὐτὸν
300 643 406 735 ἐζήτει
429 646 448 736 r‘y
472 653 534 735 Γῆ.
573 659 633 716 lam
657 657 797 732 expedita
821 662 865 716 est
888 677 944 717 res.
982 660 1058 718 Nam
1083 661 1106 717 si
1129 677 1200 718 vere
1220 658 1293 717 haec

173 763 336 822 scholiasta
352 761 515 838 contendit,
534 761 717 836 Aeschylum
733 759 856 819 Pindari
872 761 1040 837 corrigendi
1056 761 1155 820 studio
1173 761 1293 819 ductum

173 865 248 924 hacc
271 865 442 924 accuratius
465 869 611 923 tractasse
628 866 762 940 apparet,
778 868 808 922 et
822 881 964 939 praesens
980 864 1048 923 hist.
1064 870 1179 923 tantum
1201 863 1295 938 abest,

173 974 206 1026 ut
229 968 265 1027 ab
289 967 346 1026 hoc
369 966 468 1025 studio
492 966 621 1024 alienum
644 965 690 1040 sit,
713 969 746 1022 ut
762 965 840 1024 ultro
857 983 894 1024 ex
910 985 945 1025 eo
961 966 1132 1025 redundare
1148 966 1295 1024 videatur.

172 1071 279 1146 Itaque
293 1069 367 1146 ipsis
382 1069 440 1128 illis
455 1068 663 1145 praesentibus
680 1067 994 1145 confi1·mantus,quac
1007 1069 1041 1128 G.
1054 1065 1294 1133 Hermannus44)

173 1176 204 1231 et
226 1172 368 1232 audacius
391 1170 425 1232 Ο.
449 1171 609 1229 Muellerus
619 1167 657 1242 45)
680 1168 718 1228 de
741 1169 798 1229 hoc
822 1169 887 1229 loco
911 1174 1090 1230 statuerunt

177 1260 179 1262 ’
258 1273 391 1333 Tandem
421 1275 452 1331 in
482 1274 616 1331 oratione
646 1290 700 1347 pro
724 1271 831 1332 Oreste
862 1274 892 1331 in
923 1290 1037 1332 summo
1069 1290 1170 1332 rerum
1194 1271 1295 1330 discri-

173 1378 251 1436 miue
281 1377 383 1436 hahita
412 1374 519 1451 Apollo
548 1373 649 1434 caedis
679 1375 940 1451 Agamemnoneae
976 1377 1145 1435 memoriam
1176 1375 1294 1450 repetit,

174 1487 206 1538 ut
228 1497 343 1539 omnem
375 1496 476 1537 eornm
507 1478 560 1554 qui
585 1478 614 1535 in
645 1476 785 1536 iudicium
816 1479 915 1536 vocati
942 1485 1014 1537 suut
1034 1480 1108 1536 iram
1133 1478 1244 1537 excitet
1265 1480 1296 1535 et

174 1582 389 1658 Clytemestrae
426 1580 525 1640 odium
564 1579 599 1638 iis
635 1580 735 1638 iniciat
781 1598 869 1656 quam
916 1581 1207 1639 vehementissimum
1245 1578 1295 1645 (cf.

173 1704 201 1743 v.
224 1686 284 1745 638
297 1681 363 1759 so).
408 1683 460 1744 Oui
485 1683 610 1742 consilio
633 1683 744 1764 optime
768 1681 930 1757 respondet
952 1700 1096 1759 praeseus
1112 1682 1294 1741 historicum.

479 1771 563 1842 κάπὶ
585 1777 720 1862 τέρματι

429 1884 535 1965 φᾶρος
557 1875 816 1966 παρεσκήνωσεν
838 1885 869 1959 (1)
892 1870 928 1946 ἓν
951 1871 980 1946 d'
992 1872 1150 1966 ἀτέρμονι

174 2012 202 2052 v.
225 1997 295 2053 635.
423 1979 543 2048 κόπτει
565 1972 723 2066 πεδήσασ’
745 1976 852 2067 ἄνδρα
875 1979 1022 2068 δαιδάλῳ
1043 1983 1172 2067 πέπλῳ.

262 2095 485 2171 Clytemestram
511 2094 589 2152 iusta
612 2095 706 2151 morte
730 2093 850 2151 sceleris
873 2095 1016 2152 commissi
1041 2110 1154 2171 poenas
1177 2090 1295 2150 dedisse

175 2218 210 2258 eo
241 2198 355 2256 facilius
386 2196 499 2256 iudices
529 2195 583 2254 sibi
614 2194 856 2273 persuadebunt,
886 2213 945 2271 quo
977 2196 1103 2255 alacrior
1130 2200 1159 2254 et
1188 2194 1296 2253 clarior

174 2301 268 2378 ipsius
292 2299 434 2358 facinoris
458 2299 555 2357 animo
579 2299 755 2357 observatur
777 2298 884 2375 imago.

260 2403 321 2461 Iam
346 2400 472 2476 cognitis
495 2401 619 2474 singulis
642 2399 714 2458 locis
736 2398 818 2469 fines,
840 2399 948 2474 quibus
971 2400 1140 2475 praesentis
1163 2398 1294 2458 historici

175 2522 247 2564 usus
270 2502 459 2562 contincatur
482 2502 662 2560 constituere
682 2502 763 2560 licet

260 2607 305 2665 Ac
334 2605 462 2682 primum
493 2604 613 2680 quidem
641 2605 672 2662 in
699 2604 841 2664 trimetris
872 2605 1051 2681 plerumque
1083 2605 1147 2665 eius
1178 2605 1297 2680 generis

174 2709 345 2785 praesentia
375 2725 536 2767 occurrere
566 2711 798 2767 consentaneum
828 2713 881 2767 cst.
932 2708 1091 2767 Rarissime
1121 2709 1151 2767 iu
1184 2708 1297 2767 melicis

175 2811 363 2884 carminibus,
387 2810 498 2887 quippe
521 2829 599 2887 quae
623 2810 766 2869 narrandi
789 2811 887 2870 locum
911 2810 982 2870 dare
1006 2829 1066 2870 nou
1093 2811 1223 2883 soleant,
1253 2811 1296 2869 in·

175 2914 352 2984 veniuntur,
382 2920 415 2972 ut
447 2915 475 2972 in
506 2913 618 2989 parodo
641 2914 800 2972 Persarum
830 2917 860 2972 et
890 2914 919 2971 in
949 2915 1066 2973 cantico
1089 2913 1139 2972 illo
1162 2912 1243 2989 quod
1266 2913 1296 2971 in

175 3017 349 3093 Supplicum
372 3016 476 3075 fabula
499 3020 590 3075 extat.

260 3121 366 3195 Neque
398 3119 495 3177 minus
524 3124 757 3178 cousentaneum
786 3122 849 3194 est,
880 3118 903 3176 si
927 3120 1148 3178 enuntiatorum
1171 3117 1296 3176 formam

174 3223 366 3297 respicimus,
405 3221 494 3296 longe
524 3221 653 3296 plurima
691 3220 860 3296 praesentia
899 3220 1040 3280 historica
1078 3222 1107 3280 in
1142 3220 1299 3279 sententiis

176 3323 391 3399 priucipalibus
414 3323 556 3399 inveniri,
580 3340 655 3399 quac
678 3322 835 3399 particulis
857 3323 1048 3397 paratacticis
1070 3340 1124 3393 τε,
1147 3314 1221 3392 καὶ,
1252 3312 1298 3393 δὲ,

176 3427 408 3502 coniunguntur.
456 3425 563 3484 Rarius
594 3424 774 3483 secundaria
803 3425 952 3483 sententia
982 3443 999 3482 a
1031 3424 1184 3501 temporali
1207 3426 1298 3500 parti-

179 3559 245 3566 --

262 3641 296 3704 Μ)
314 3636 356 3693 Of.
375 3638 523 3693 Hermann.
541 3639 620 3691 Eum.
639 3654 665 3691 v.
679 3642 701 3691 5.

262 3726 296 3789 ⁴⁵)
314 3722 364 3778 Od.
389 3724 480 3777 Mucll.
498 3724 578 3776 Eum.
601 3739 627 3791 p.
649 3726 704 3776 183.
751 3723 799 3785 ,In
824 3722 887 3776 dem
905 3722 1162 3791 Erdffuungsgebet
1180 3723 1229 3777 dor
1246 3723 1300 3792 Py-

176 3808 249 3862 thias
269 3806 389 3876 vcrfolgt
408 3807 533 3876 zugleich
547 3806 706 3876 Aeschylus
725 3807 770 3860 die
783 3807 1015 3861 unvcrkennhare
1029 3806 1156 3875 Absicht,
1174 3823 1225 3862 aus
1243 3808 1300 3862 den

177 3893 268 3962 Sagen
290 3909 347 3948 von
371 3893 420 3946 der
444 3893 601 3959 Griiuduug
626 3891 675 3945 des
701 3890 868 3960 Pythischen
893 3891 1009 3945 Orakels
1032 3892 1090 3946 und
1113 3892 1216 3948 dessen
1239 3908 1300 3948 ver-

178 3977 347 4033 schiedenen
368 3977 512 4031 Bcsitzcrn
536 3977 608 4030 allen
633 3976 719 4030 Streit
741 3978 798 4029 und
824 3977 916 4030 Hader
935 3993 969 4029 zu
988 3974 1149 4043 cntferuen,
1168 3977 1299 4032 withrend

171 4064 281 4117 *Pindar
299 4103 306 4115 .
325 4103 331 4115 .
350 4103 355 4116 .
375 4102 381 4115 .
400 4062 453 4116 den
479 4061 584 4129 Kampt'
606 4062 654 4114 der
680 4060 751 4114 Erde
776 4061 825 4114 mit
849 4062 910 4114 dem
937 4058 1061 4130 Apollon
1086 4078 1117 4116 so
1143 4062 1232 4131 heftig
1253 4078 1300 4130 ge·

178 4147 311 4202 schildert
327 4147 411 4215 hatte,
429 4147 495 4200 dass
514 4147 559 4200 dic
572 4146 645 4199 Erdc
658 4146 704 4198 ihn
724 4147 751 4198 iu
767 4147 820 4199 dcu
834 4147 965 4200 Tartarus
984 4164 1018 4200 uu
1037 4155 1148 4201 stosscu
1167 4148 1301 4203 versucht

177 4232 267 4287 haben
287 4232 382 4287 sollte“
401 4242 452 4287 etc.
