2752 4664
127 275 168 337 34

126 451 227 529 Antig.
249 457 320 512 427.
385 435 477 510 οὕτω
501 444 536 509 δὲ
556 435 672 531 χαῦτη,
695 440 798 528 ψιλὸν
822 469 867 522 ως
889 449 953 533 opti
976 447 1078 511 νέκυι

383 538 513 632 γόοισιν
538 543 721 631 ἐξῴμωξεν,
745 559 800 613 etc.

214 656 248 714 ln
280 656 417 715 omnibus
455 655 546 731 igitur
574 656 619 715 his
651 656 806 714 sententiis
837 655 1023 715 secundariis
1057 657 1135 716 idem
1167 660 1250 718 verbi

127 741 213 837 ὁρᾶν
236 776 380 835 praesens
402 759 559 835 repetitur,
582 765 616 816 ut
637 758 694 815 iam
717 758 911 829 intellexeris,
935 764 1046 835 quanto
1071 779 1135 818 cum
1153 761 1252 822 studio

127 861 324 937 Aeschyleam
362 861 568 920 auctoritatem
601 861 765 937 Sophocles
804 862 834 919 in
872 861 961 921 huius
1000 863 1083 921 verbi
1115 881 1170 922 usu
1215 864 1253 922 sit

128 966 260 1023 secutus.

213 1066 239 1124 Α
256 1065 364 1125 ceteris
380 1083 451 1125 vero
467 1065 654 1126 secundariis
675 1066 831 1126 sententiis
851 1085 917 1124 cum
934 1047 1077 1142 praesens
1093 1068 1159 1127 hist.
1174 1069 1253 1128 absit

113 1168 160 1225 in
184 1166 293 1227 fabulis
316 1166 500 1246 Aeschyleis,
523 1167 560 1227 de
576 1156 752 1246 Aeschyleo
770 1168 890 1244 quidem
915 1187 969 1228 usu
993 1170 1182 1247 statuendum
1199 1175 1261 1257 est,

130 1270 210 1346 quod
237 1270 271 1332 G.
294 1272 483 1330 Hermannus
515 1269 565 1343 (ad
589 1270 680 1348 Soph.
706 1272 781 1331 Phil.
804 1269 879 1344 321)
912 1272 1080 1351 contendit,
1110 1291 1254 1351 praesens

128 1372 231 1432 histor.
261 1373 422 1433 convenire
452 1374 600 1449 primariis
623 1375 759 1451 partibus
782 1376 980 1446 narrationis,
1007 1394 1066 1435 non
1099 1377 1185 1436 etiam
1209 1377 1253 1448 iis,

128 1492 206 1550 quae
229 1475 324 1536 obiter
347 1479 376 1536 et
399 1476 570 1553 explicandi
594 1495 682 1536 causa
705 1479 884 1537 inserantur.

214 1578 248 1636 In
277 1577 334 1637 illis
361 1583 459 1638 autem
483 1580 630 1656 primariis
654 1581 857 1640 narrationum
889 1579 1026 1657 partibus
1053 1581 1110 1640 hoc
1132 1580 1169 1640 de
1192 1599 1252 1657 quo

130 1681 246 1758 agimus
260 1699 402 1758 praesens
418 1682 590 1742 historicum
606 1683 648 1741 ita
663 1683 777 1742 obtinet
792 1683 898 1759 locum,
913 1685 947 1742 ut
962 1701 1071 1760 rerum,
1086 1702 1165 1760 quae
1177 1683 1252 1742 rele-

129 1786 245 1860 runtur,
264 1783 349 1860 quasi
366 1785 465 1860 capita
481 1785 528 1844 vel
544 1801 660 1843 summa
683 1784 855 1844 discrimina
877 1785 1004 1844 illustret
1026 1789 1056 1844 et
1078 1803 1174 1861 paene
1197 1786 1252 1845 suh

130 1888 282 1962 aspectum
313 1886 446 1946 subiciat.
499 1886 616 1947 horisto
644 1905 715 1946 vero
744 1891 843 1947 cetera
871 1887 950 1946 lacta
976 1886 1117 1964 deinceps
1149 1891 1250 1947 notan

129 1990 254 2065 tturu,
221 1988 359 2048 utbrevi
383 1994 545 2065 conspectu
576 1994 815 2067 cognoscantur
842 1989 1018 2066 imperfecto
1045 1990 1175 2066 denique
1199 2008 1253 2049 eae

128 2090 297 2150 accuratius
327 2091 501 2152 describunt
488 2095 538 2152 tur
566 2111 632 2171 res,
663 2110 741 2170 quae
772 2092 942 2169 explicandi
964 2110 1055 2153 causa
1076 2091 1253 2152 adiciendae

129 2193 270 2254 videntur
279 2191 326 2264 46).

216 2296 304 2370 Quod
334 2297 439 2373 paucis
470 2298 495 2356 si
526 2299 595 2358 licet
623 2298 828 2358 demonstrare
859 2298 1020 2376 exemplis,
1046 2299 1172 2374 primum
1201 2316 1253 2357 eos

130 2400 213 2457 locos
235 2417 442 2477 commemoro,
465 2400 573 2475 quibus
597 2419 687 2459 unum
712 2399 799 2460 modo
824 2400 989 2460 illustratur
1012 2399 1131 2460 factum.
1175 2401 1253 2460 Nus·

129 2519 219 2578 quam
241 2519 297 2561 sua
319 2502 427 2578 cuique
451 2502 550 2562 viset
557 2501 703 2578 gravitas
728 2502 818 2562 deest.

214 2605 312 2664 Prom.
337 2607 405 2665 109.
427 2599 585 2683 θηρῶμαι
606 2593 798 2684 πηγήιιιιι
820 2608 937 2682 spectat
964 2605 1003 2664 ad
1026 2604 1137 2665 fontem
1160 2605 1254 2665 totius

130 2707 283 2783 malique
296 2706 458 2768 miserrime
471 2708 599 2768 cruciari
592 2708 823 2767 Prometheum
835 2708 983 2779 videmus3
1001 2707 1106 2767 eodem
1121 2707 1254 2767 releren-

131 2809 199 2868 dum
216 2813 268 2881 est,
285 2809 366 2886 quod
382 2809 460 2868 infra
475 2830 504 2868 v.
517 2813 579 2871 229
597 2811 745 2887 sequitur:
761 2795 871 2881 ευθυς
880 2804 969 2888 νέμει
986 2855 991 2866 .
1018 2856 1023 2867 .
1049 2857 1055 2866 .
1081 2856 1086 2867 .
1110 2828 1254 2886 praesens

129 2911 311 2971 historicum.
342 2913 438 2971 Etiam
453 2913 525 2989 quid
542 2911 599 2971 sibi
616 2913 687 2972 velit
702 2912 774 2973 illud
791 2902 909 2971 κόπτει
923 2902 1069 2990 πεδήσας
1085 2917 1141 2973 etc.
1156 2912 1254 2981 (Eum.

131 3011 205 3086 635)
220 3032 258 3073 en
270 3015 361 3074 totius
371 3014 569 3074 Eumenidum
582 3014 683 3075 fabula
695 3016 838 3076 econsilio
850 3016 1039 3093 perspicitur,
1051 3014 1132 3092 quod
1144 3015 1253 3075 Schoe-

130 3134 256 3176 mannus
278 3116 308 3176 in
331 3117 519 3194 praefatione
542 3118 741 3178 Eumenidum
770 3138 800 3195 p.
824 3122 865 3179 10
876 3136 959 3195 seqq.
986 3114 1136 3178 subtiliter
1158 3118 1253 3193 expli-

130 3220 198 3279 cuit.
252 3221 326 3279 Item
355 3217 458 3297 Suppl.
482 3223 552 3280 297.
575 3215 734 3301 τελευτᾷ,
766 3225 836 3282 300.
862 3210 1014 3296 πελάζει,
1045 3226 1115 3283 312.
1142 3210 1254 3296 φιτύει

129 3323 300 3398 praesentia
329 3323 358 3381 in
390 3323 601 3409 investiganda
634 3323 781 3384 affinitate
816 3329 993 3400 versantur,
1022 3343 1082 3399 qua
1110 3323 1253 3402 praesidii

106 3506 108 3509 v
128 3424 208 3501 quod
232 3427 356 3484 Danaus
379 3425 503 3501 eiusque
526 3425 603 3485 filiae
625 3431 771 3504 appetunt
793 3426 922 3486 officium
946 3427 1055 3486 nititur.

213 3526 254 3586 At
283 3545 355 3587 vero
387 3528 473 3588 etiam
507 3528 557 3587 ubi
586 3529 674 3587 latius
699 3532 820 3588 manant
850 3548 949 3590 rerum
977 3532 1128 3607 gestarum
1152 3547 1253 3589 narra-

126 3630 222 3689 tiones
245 3629 349 3689 eadem
373 3630 422 3689 lex
446 3630 646 3706 cognoscitur
1163 3693 1166 3700 ,

212 3733 427 3792 Percurramus
450 3719 682 3810 descriptionem
707 3733 787 3793 illam
810 3753 930 3812 pugnae
953 3695 1150 3811 Salaminiae,
1172 3753 1251 3811 quae

210 3913 244 3977 ⁴⁸)
262 3911 382 3966 Easdem
400 3926 470 3980 quas
489 3927 541 3966 nos
558 3912 710 3982 praesenti,
724 3913 758 3966 R.
771 3912 886 3967 Kiihner
903 3912 962 3981 (Gr.
976 3913 1011 3966 ll.
1027 3917 1048 3966 l.
1067 3929 1128 3982 pgr.
1141 3916 1201 3980 386,
1215 3916 1254 3980 6.)

125 3997 232 4051 aoristo
257 4002 352 4066 partes
376 3996 488 4065 tribuit,
509 3996 539 4050 id
562 3998 638 4066 quod
662 3995 824 4067 Aeschyleo
846 4004 1067 4069 ceterorumque
1080 3997 1252 4054 scenicorum

124 4087 270 4150 poetarum
302 4098 355 4135 usn
382 4082 480 4136 'minus
515 4083 688 4151 comprobari
721 4083 841 4138 videtur.
887 4085 1002 4139 Rectirm
1030 4084 1063 4137 H.
1087 4084 1121 4137 D.
1145 4084 1252 4138 Miiller.

124 4167 232 4237 Syntax
250 4167 277 4221 d.
296 4166 397 4236 griech.
416 4166 511 4236 Temp.
525 4169 619 4235 Progr.
639 4169 764 4237 Gotting.
782 4173 852 4222 1874.
873 4185 934 4238 pgr.
949 4174 971 4224 8.
990 4186 1017 4239 p.
1032 4172 1063 4222 20
1082 4168 1118 4223 de
1137 4167 1252 4224 diverso

116 4258 267 4318 poetarum
286 4259 315 4307 et
333 4252 501 4322 scriptorum
520 4269 573 4308 usu
589 4253 703 4309 iudicat.
