2752 4664
1172 267 1210 330 13

173 448 280 522 Neque
303 447 387 506 aliter
410 464 457 505 res
479 464 510 506 se
534 447 627 504 habet
649 446 680 504 in
703 445 749 502 his
772 444 858 503 verbi
881 433 1028 502 κελεύειν
1042 442 1212 503 indicativis

85 549 272 625 praesentis:

85 654 187 711 Prom.
211 655 301 712 1066.
344 648 417 720 πῶς
438 668 476 728 με
501 639 646 719 κελεύεις
669 633 826 727 κακότητ)
849 632 965 706 ἀσκεῖν
972 668 983 719 ,·

134 755 268 831 quamvis
290 753 451 830 praecedat
473 754 614 813 aoristus:
643 749 747 810 τοῦτο
772 741 1082 830 contemnemdum,
1113 756 1211 810 tamen

132 875 276 935 praesens
299 855 434 916 infertur.

88 959 223 1037 (lhoeph.
247 962 306 1020 107
329 959 367 1017 ad
390 959 527 1018 Electrae
557 958 808 1017 adhortationem:
839 951 948 1034 λέγοις
978 942 1019 1013 dv
1042 988 1083 994 —
1105 958 1213 1015 chorus

133 1062 310 1138 respondet:
339 1055 439 1136 λέξω,
471 1049 617 1131 κελεύεις
639 1049 718 1139 γὰρ,
741 1061 760 1118 i.
777 1078 800 1119 e.
824 1052 951 1136 θέλεις,
981 1078 1049 1118 nam
1076 1060 1214 1118 voluntas

135 1168 298 1241 permanet,
322 1182 388 1223 eum
412 1183 470 1223 vox
493 1183 553 1239 qua
577 1164 626 1222 illa
650 1167 695 1222 est
717 1163 913 1239 pronuntiata
936 1165 1102 1221 evanescat.

178 1269 239 1326 lam
268 1269 291 1326 si
322 1267 397 1326 haec
426 1269 616 1326 recensueris
647 1266 785 1340 exempla
808 1269 943 1341 apertum
968 1272 1027 1338 est,
1050 1284 1104 1323 eur
1127 1269 1215 1341 poeta

88 1388 235 1448 praesens
252 1371 414 1446 praeterito
430 1370 620 1445 praetulerit,
645 1370 732 1427 modo
758 1369 925 1426 memineris
949 1387 1007 1427 non
1031 1368 1128 1426 subito
1152 1388 1215 1427 ver-

90 1475 199 1533 borum
222 1490 300 1548 quae
323 1475 390 1549 quis
420 1474 661 1547 pronuntiaverit
685 1472 732 1530 vel
754 1471 874 1529 auribus
897 1472 1080 1546 perceperit,
1109 1489 1215 1548 sotrum

91 1576 202 1646 emori,
233 1575 286 1635 sed
314 1575 480 1651 perdurare
509 1576 691 1650 aliquamdiu
721 1575 921 1649 memoriaque
952 1573 1104 1631 custodiri.
1149 1575 1218 1648 lpsa
1247 1571 1250 1574 ⁴

91 1695 166 1738 vero
194 1696 271 1754 quae
302 1677 402 1737 verbis
431 1679 509 1737 inest
539 1678 585 1736 vis
607 1677 647 1736 ita
670 1678 849 1754 percipitur,
873 1679 906 1734 ut
928 1675 1062 1752 quolibet
1083 1680 1217 1751 tempore

92 1781 124 1839 in
150 1782 318 1840 memoriam
342 1782 477 1839 revocari
493 1781 651 1856 animoque
675 1781 760 1855 quasi
782 1797 926 1855 praesens
947 1778 1100 1838 obversari
1117 1780 1218 1853 possit.

95 1883 192 1956 Quam
216 1902 276 1942 rem
300 1883 338 1941 ad
353 1882 555 1959 frequentiam
579 1883 683 1941 horum
707 1881 908 1958 praesentium
926 1900 983 1941 non
1002 1881 1074 1939 nihil
1090 1881 1218 1939 valuisse

94 1985 181 2045 facile
205 1986 390 2061 intelligitur3
414 2004 482 2044 nam
507 1985 598 2044 multo
614 1986 735 2060 saepius
750 1985 781 2041 in
798 1984 939 2042 diverbiis
958 1984 1132 2060 praesentia
1153 2001 1218 2042 ver-

95 2089 201 2148 borum
224 2088 365 2147 audiendi
393 2107 482 2164 quam
507 2088 623 2146 dicendi
655 2091 846 2163 usurpantur.
891 2087 1039 2144 Praesens
1062 2087 1152 2161 igitur
1175 2091 1220 2144 est

96 2190 314 2252 considerantis
345 2196 374 2249 et
403 2191 521 2266 singula
551 2209 651 2249 secum
690 2190 849 2264 diligenter
879 2189 1079 2264 recordantis,
1110 2190 1220 2247 aoristo

96 2311 169 2352 vero
192 2293 322 2352 adhibito
346 2294 426 2368 quod
451 2294 561 2351 i'actnm
585 2297 630 2351 est
659 2292 831 2367 simpliciter
858 2294 1006 2349 statuitur.
1026 2308 1028 2316 ’
1051 2290 1140 2363 Quod
1164 2293 1220 2349 dis-

97 2399 208 2455 crimen
225 2403 369 2471 quantum
383 2395 519 2454 conferat
535 2396 572 2454 ad
594 2395 817 2454 describendam
841 2398 871 2452 et
892 2394 1098 2452 illustrandam
1121 2412 1221 2452 rerum

97 2497 146 2558 vel
167 2517 381 2576 personarum,
412 2517 487 2573 quas
509 2502 598 2573 poeta
621 2503 746 2573 agentes
769 2497 856 2573 facit,
887 2498 998 2556 variam
1022 2496 1220 2555 conditionem

97 2599 187 2660 facile
210 2601 399 2678 perspicitur.

644 2754 676 2823 2.

186 2891 293 2966 Neque
317 2893 413 2949 minus
430 2891 583 2950 commode
601 2891 764 2949 dramatico
781 2897 887 2966 poetae
903 2894 1089 2966 praesentem
1106 2906 1223 2964 semper

99 3011 199 3053 rerum
231 2997 338 3052 statum
369 2994 495 3053 intuenti
529 3012 560 3052 se
592 2995 722 3053 offerunt
749 2994 921 3071 praesentia
948 3010 984 3052 ex
1009 2993 1107 3050 verbis
1131 2990 1222 3050 eundi

100 3096 150 3154 vel
178 3096 316 3155 veniendi
345 3097 393 3155 vel
424 3097 558 3155 mittendi
582 3115 745 3173 eorumque
776 3097 919 3154 similibus
955 3095 1104 3163 derivata3
1134 3112 1223 3169 saepo

101 3199 177 3256 enim
202 3198 327 3257 interest
351 3217 408 3258 non
433 3206 491 3257 tam
515 3200 705 3275 praeteritam
730 3200 875 3257 actionem
900 3197 990 3256 eundi
1014 3198 1060 3256 vol
1083 3194 1225 3255 veniendi
1327 3230 1328 3234 =

101 3301 149 3360 vel
179 3301 311 3359 mittendi
343 3300 504 3377 significari
536 3320 623 3377 quam
655 3306 761 3360 statum
798 3305 986 3376 praesentem
1024 3300 1078 3357 illa
1107 3300 1224 3357 actione

103 3404 241 3462 effectum
252 3398 299 3474 2³).

188 3505 320 3564 Praeivit
338 3507 485 3564 Homerus
501 3504 554 3579 (Σ,
571 3509 631 3566 385
656 3499 750 3562 τίπτε
769 3495 893 3574 ἱκάνεις
915 3492 1077 3583 ἡμέτεροι)
1099 3496 1166 3572 δελ·
1190 3501 1224 3560 ef.
1326 3577 1330 3583 ἱ

102 3624 123 3664 ν
146 3611 216 3677 328,
240 3606 277 3678 Ε,
301 3605 375 3680 478)
406 3627 493 3684 quem
524 3614 692 3684 sequuntur
725 3609 829 3683 reliqui
862 3614 969 3684 poetae
998 3611 1027 3665 et
1056 3607 1227 3681 scriptores.

102 3709 270 3786 Aeschylea
292 3711 384 3786 igitur
408 3710 545 3786 exempla
565 3711 697 3768 breviter
720 3727 911 3769 enumerasse
934 3708 1006 3767 satis
1030 3709 1183 3767 habemus.

189 3801 304 3869 iudana
322 3813 404 3871 Pers.
419 3816 486 3872 159.
501 3813 557 3888 Ag.
572 3817 660 3873 1337.
689 3798 904 3886 ἀφικνεῖσθαι
920 3813 1002 3870 Pers.
1016 3815 1062 3870 15.
1086 3812 1140 3885 Ag.
1154 3813 1225 3869 435.

104 3915 207 3991 Suppl.
226 3919 295 3975 332.
311 3914 449 3984 (fortasse
467 3913 540 3986 551)
561 3906 624 3970 ἵκω
649 3934 706 3973 non
732 3920 838 3973 exstat.
857 3900 976 3992 duone)
1001 3915 1140 3971 Prom.'1.
1157 3914 1226 3971 284.

189 4096 223 4158 ¹²³)
242 4093 283 4146 Of.
307 4093 476 4148 Schmalfeld
500 4096 517 4148 l.
535 4094 551 4147 l.
570 4097 585 4158 ,ξ
604 4099 644 4160 54,
664 4100 686 4160 5,
706 4094 730 4146 b.
755 4110 800 4161 pq.
819 4100 860 4147 til.
905 4093 1002 4145 Aken:
1027 4091 1227 4158 'lempnslehre

105 4196 132 4248 p.
150 4185 185 4232 13.
223 4179 344 4233 lililrner.
357 4179 393 4245 11,
410 4183 429 4232 l.
449 4183 525 4244 §382
539 4196 561 4232 e.
580 4184 630 4232 etc.

190 4267 225 4332 ²⁴)
243 4261 285 4318 ef.
303 4265 405 4318 Broek.
418 4266 435 4317 l.
449 4265 464 4317 l.
483 4281 510 4334 p.
525 4269 564 4316 21.
