2752 4664
1200 290 1242 349 29

119 465 218 540 gentis
233 465 363 540 ipsarum
387 481 505 539 parens,
529 465 666 539 prosecta
688 467 745 538 est3
769 482 804 522 eo
819 463 909 538 igitur
931 463 1046 522 facilins
1068 464 1141 540 eius,
1164 482 1242 540 qnae

120 567 225 625 summi
243 567 323 625 lovis
339 565 489 641 qnondam
507 564 597 640 digna
613 565 712 624 habita
735 569 781 624 est
803 583 911 640 amore,
933 565 973 623 ita
988 564 1045 622 iilis
1068 583 1240 640 repracscu-
1322 600 1324 605 .

119 673 201 728 tatur
224 670 337 745 imago,
364 673 398 727 ut
428 673 613 743 praesentem
643 687 706 727 eam
731 668 840 727 habere
870 673 900 726 et
923 686 1045 726 cernere
1068 668 1162 727 oculis
1185 669 1241 727 sibi

120 769 279 830 videantur
301 769 525 846 fugientemque
549 771 628 829 Iovis
651 788 774 829 uxorem
798 771 881 845 quasi
904 773 1135 846 prosequantur.

119 891 149 931 v.
173 875 242 932 esa.
377 862 478 930 ἔνθεν
500 855 547 931 Ἰώ

190 978 191 981 ’
377 967 500 1052 οίστρφ
523 967 719 1054 ὲρεσσομένα

377 1067 510 1155 φεύγει
534 1061 736 1157 ἁμαρτίνοος

378 1226 383 1237 .
409 1223 416 1239 .
441 1225 447 1237 .
473 1172 545 1258 ὸιχη
569 1164 598 1238 δ’
610 1163 799 1259 ἀντίπορον

376 1289 474 1359 γαῖαν
497 1274 534 1340 ἐν
558 1274 634 1362 αίσηι
657 1275 878 1359 διατέμνουσα
899 1270 1010 1359 πόρον
1034 1278 1201 1360 κυματίαν

1107 1372 1247 1463 ὁρίζει.

209 1488 334 1548 Ceterae
362 1488 450 1547 buius
478 1488 567 1565 t'ugae
597 1488 740 1546 stationes
768 1491 798 1545 et
824 1488 906 1562 ipsae
928 1489 1080 1563 praesenti
1102 1488 1243 1548 historico

121 1589 264 1667 deinceps
286 1592 435 1649 notantur.

122 1712 150 1751 v.
175 1695 243 1753 547.
379 1680 510 1750 ἰάπτει
533 1677 688 1762 ὀἬσίάος
711 1679 752 1749 δι’
776 1684 849 1761 α’ίας
874 1737 879 1748 .
905 1737 911 1748 .
936 1736 943 1749 .
968 1737 974 1748 .

122 1815 150 1854 v.
174 1798 244 1855 549.
379 1791 465 1875 περᾷ
488 1786 522 1851 δὲ
549 1783 761 1878 Τεύθραντος
786 1782 867 1852 doro
890 1792 1026 1853 Μυσῶν.
1050 1825 1093 1835 -

122 1917 151 1957 v.
174 1901 245 1958 556.
378 1887 549 1954 ἱκνεῖται
576 1879 870 1973 δἐίσικνουμίνου
900 1890 1000 1969 βέλει,
1015 1882 1188 1970 βουκόλου

897 1984 1103 2078 πτερόεντος
1125 2006 1180 2060 etc.
1203 2031 1245 2040 -

166 2102 362 2178 Autistrcpha
390 2118 425 2179 γ,
456 2121 532 2178 quac
562 2102 713 2179 sequitur,
745 2121 811 2162 cnm
840 2103 990 2162 hominnm
1020 2103 1244 2163 admirationem

167 2204 327 2282 describat,
349 2204 523 2282 imperfecta
546 2209 579 2264 ut
602 2224 656 2281 par
679 2209 725 2264 est
748 2204 878 2279 adhibet,
900 2204 1024 2281 stropha
1047 2198 1153 2265 duero
1168 2206 1246 2267 redit

166 2307 204 2366 ad
227 2324 370 2382 praesens
393 2306 575 2377 historicum,
600 2308 710 2383 qnippe
735 2326 810 2384 quae
832 2307 920 2366 finem
939 2306 1116 2385 felicemque
1140 2309 1244 2368 horum

167 2427 298 2469 errorum
323 2410 432 2468 exitum
457 2409 662 2469 concelebret:

379 2507 434 2585 βία
458 2498 486 2570 δ’
500 2496 686 2591 ἀπημάντῳ
708 2507 822 2571 σθένει
845 2507 900 2570 καὶ
924 2508 1030 2583 θείαις
1057 2505 1247 2584 ἐπιπνοίαις

122 2633 151 2674 v.
174 2618 245 2675 577.
378 2604 564 2686 παύεται,
581 2600 739 2692 δακρύων
761 2598 790 2672 δ’
802 2600 1017 2692 ἀποστάζει
1033 2609 1203 2693 πένθιμον

1087 2710 1247 2790 αἰάαῖ,’-

166 2818 268 2893 (Quod
299 2820 375 2880 intra
405 2821 538 2896 sequitur
570 2837 715 2896 praesens
745 2839 773 2878 v.
797 2823 858 2881 583
889 2816 953 2902 βοᾷ
987 2840 1046 2880 non
1077 2826 1122 2880 est
1151 2839 1247 2898 praes.

166 2923 357 2998 historicum,
393 2941 459 2981 cum
491 2923 619 2981 omnium
644 2924 776 2999 gentium
806 2928 993 3000 praesentem
1025 2930 1114 2999 atque
1147 2925 1248 2982 etiam-

167 3043 248 3082 nunc
270 3030 492 3101 permanentem
515 3026 763 3101 approbationem
786 3044 821 3084 ec
845 3015 993 3085 declarari
1016 3023 1184 3102 appareat.)

210 3126 462 3202 Agamemnon.

211 3230 246 3286 ln
270 3230 382 3303 paredo
406 3231 518 3290 nullum
543 3234 625 3290 extat
648 3232 712 3290 eins
735 3233 854 3308 generis
880 3249 1030 3306 praesens.

212 3331 284 3389 Inde
319 3351 337 3390 a
369 3351 457 3392 versu
491 3336 553 3394 aab
584 3333 781 3409 Clytemestra
821 3323 1095 3411 λαμπαδηφόρων
1125 3322 1249 3409 νόμους

121 3434 277 3509 expressis
301 3434 401 3492 verbis
424 3435 555 3510 explicat
586 3436 711 3495 victoria
734 3435 914 3495 Graecorum
944 3436 1103 3496 admodum
1127 3436 1249 3511 gavisa3

121 3535 270 3594 historica
291 3537 461 3612 praesentia
482 3537 586 3596 inserit
608 3538 710 3614 ptura:

380 3626 457 3707 ἑκάς
480 3632 516 3696 δὲ
538 3635 689 3717 φρυκτοῦ
713 3637 784 3713 φῶς
808 3624 860 3698 ἐπ’
883 3625 1039 3719 Εὐρίπου
1062 3629 1142 3719 ῥοάς

120 3759 150 3800 v.
176 3742 246 3800 293.
382 3734 579 3798 Μεσσαπίου
603 3729 726 3816 φύλαξι
749 3737 935 3821 σημαίνει
958 3733 1074 3821 μολόν.

167 3840 352 3917 (sequuntur
375 3840 549 3917 praeterita)
571 3874 614 3882 -

119 3964 149 4005 v.
176 3935 265 4004 305·
380 3938 577 4022 πέμπουσι
601 3930 838 4018 δ’άνδαίοντες
862 3934 1008 4030 άφθάνφ
1029 3942 1119 4028 με’νει

382 4032 509 4126 φλογὸς
531 4041 635 4126 μέγαν
656 4037 807 4126 πώγωνα

119 4171 149 4210 v.
176 4151 247 4208 310.
381 4135 501 4207 κάπειτ
503 4135 745 4311 ’ῥηίτρειόὣιῧν
732 4168 765 4222 ες
786 4143 865 4221 τόδε
888 4143 1055 4259 σκηπτει
1076 4142 1191 4228 στέγος

382 4241 467 4326 φάος
488 4269 529 4310 το
589 4297 755 4314 ......
