2752 4664
131 273 169 333 16

129 464 248 505 causam
287 444 458 504 Schutnium
494 444 658 503 coniecisse
696 447 785 520 puto:
825 428 906 514 θεὸς
944 430 1047 504 πόλιν
1087 429 1116 502 6⁹
1147 433 1256 503 ἔσωσε

131 535 310 616 Παλλάδος
332 541 413 615 θεᾶς
443 546 491 614 (cl.
514 544 614 605 Herm.
637 545 684 604 ad.
706 546 789 604 Pers.
812 549 901 624 339);
932 566 1020 624 quam
1048 547 1256 607 coniecturam

128 652 317 710 Hermannus
339 668 405 709 oum
430 649 528 720 „nullo
552 667 676 724 prorsus
691 647 887 709 fundamento
911 650 947 708 sit
970 642 1117 709 stabilita“
1139 649 1256 710 reiecit.

127 755 235 830 Neque
263 771 335 812 vero
366 770 442 830 opus
473 759 519 812 est
549 754 668 811 aoristo.
712 753 788 811 Nam
819 753 896 813 sicut
917 754 947 812 in
971 755 1055 813 Eum.
1076 772 1104 811 v.
1129 757 1191 814 761
1217 736 1256 822 ὃς

128 887 168 894 -
199 844 297 930 σώζει
326 871 365 932 με
396 839 519 934 μητρὸς
549 845 647 913 τᾶσδε
681 848 859 924 συνδίκους
891 837 984 934 ὁρῶν
1016 860 1046 916 et
1077 855 1190 915 certius
1221 855 1254 914 in

127 956 218 1036 Soph.
242 959 287 1017 Al.
313 960 401 1018 1128.
423 947 503 1027 θεὸς
526 941 588 1035 yrlp
611 945 748 1031 ἐκσώζει
770 975 824 1034 με,
848 952 935 1036 τῷδε
958 942 987 1016 δ’
1010 951 1140 1035 οἴχομαι
1163 975 1255 1034 prae·

127 1079 196 1121 sens
223 1060 343 1120 notione
372 1058 498 1136 perfecti
528 1065 705 1136 usurpatum
729 1065 786 1136 est,
815 1060 857 1119 ita
884 1061 971 1120 ctiam
1000 1061 1057 1122 hcc
1083 1060 1149 1120 loco
1173 1053 1254 1118 θεοὶ

128 1148 275 1240 σώζουσι
297 1162 467 1238 significare
490 1167 599 1239 potest:
623 1161 670 1222 dei
695 1168 855 1222 servarunt
877 1165 989 1233 urbem,
1013 1163 1061 1223 dci
1079 1158 1255 1222 servatores

127 1268 211 1326 urhis
235 1267 420 1325 exstiterunt.
466 1265 523 1325 Sed
548 1266 634 1323 etiam
659 1266 715 1323 hac
744 1266 991 1342 interpretatione
1018 1265 1255 1342 supersedemus

126 1371 176 1445 ita,
198 1374 231 1428 ut
253 1369 433 1444 generaliter
456 1367 529 1426 illud
553 1362 629 1425 θεοὶ
644 1384 677 1424 π.
694 1357 839 1444 σώζουσι
855 1365 894 1426 Π.
912 1365 945 1425 θ.
970 1389 988 1427 a
1011 1369 1116 1428 nuntio
1136 1367 1253 1427 dictum

126 1476 303 1532 statuamus:
327 1471 355 1529 in
387 1469 510 1529 deorum
543 1472 637 1530 tutela
667 1489 784 1548 semper
815 1479 859 1530 est
881 1471 1011 1530 Palladis
1041 1471 1119 1530 urbs.
1164 1471 1254 1544 Quae

122 1577 275 1634 ¹sententia
290 1593 307 1632 a
323 1579 430 1649 poetae
446 1574 639 1651 religiositate
656 1581 686 1633 et
702 1592 775 1648 erga
792 1575 918 1649 patriam
942 1576 1052 1651 pietate
1070 1578 1100 1633 et
1114 1591 1132 1631 a
1147 1574 1254 1650 singu-

126 1678 182 1736 lari
196 1676 313 1736 fabulae
330 1672 496 1742 oonsili02⁸)
521 1678 638 1735 minime
660 1680 705 1735 est
720 1678 828 1736 aliena.
872 1678 947 1736 Nam
965 1679 989 1736 si
1004 1672 1110 1736 tum'in
1126 1676 1254 1736 civitate

126 1780 355 1840 Atheniensium
386 1798 446 1837 non
474 1779 613 1848 deerant,
642 1781 693 1855 qui
717 1783 897 1856 metuerent,
927 1798 965 1838 nc
988 1797 1067 1838 novo
1088 1779 1253 1838 Persarum

126 1883 237 1958 impetu
261 1881 386 1941 Graecia
416 1882 650 1956 opprimeretur,
673 1881 778 1940 horum
801 1882 916 1941 animos
944 1882 1050 1940 mirum
1072 1882 1102 1939 in
1127 1881 1253 1941 modum

126 1985 199 2061 erigi
224 1992 448 2059 necessumst,
477 2003 543 2043 cum
568 1984 705 2042 audirent
734 1984 856 2044 deorum
880 1984 1061 2061 praesidium
1084 1983 1254 2043 Athenien·

125 2087 206 2146 sibus
223 2087 327 2146 adesse
343 2087 554 2164 sempiternum
572 2105 669 2162 neque
693 2105 824 2163 unquam
848 2086 1018 2147 defuturum
1043 2084 1093 2159 (cf.
1116 2085 1255 2146 Schiller.

125 2190 143 2249 l.
159 2190 176 2248 l.
192 2208 220 2266 p.
237 2187 299 2260 30).

641 2422 727 2501 ΙΙΙ.

212 2601 378 2676 Hucusque
395 2599 544 2674 praesenti
563 2600 683 2658 notione
705 2587 831 2676 perfecti
854 2602 902 2659 vel
926 2601 1079 2676 praeteriti
1101 2605 1252 2676 usurpato

125 2705 191 2780 ipsa
214 2721 291 2779 quae
315 2702 406 2761 verbo
430 2703 526 2761 iuerat
548 2703 592 2761 vis
615 2721 674 2762 non
699 2703 887 2762 mediocriter
909 2703 1036 2762 favebat.

210 2806 271 2863 lam
296 2823 369 2864 voro
386 2805 423 2863 ad
440 2805 662 2864 insolentiorem
679 2808 845 2882 praesentis
861 2806 1030 2865 accedimns
1047 2824 1141 2876 usum,
1164 2807 1252 2867 cuius

125 2909 212 2967 ctiam
235 2909 264 2965 in
290 2907 433 2983 Aeschyli
456 2907 564 2966 fabulis
587 2910 714 2983 vestigia
737 2908 1011 2983 deprehenduntur.

210 3009 297 3081 Quod
322 3010 399 3068 enim
422 3011 478 3067 iam
501 3011 530 3066 in
555 3011 733 3069 carminibus
757 3011 922 3070 Homericis
946 3013 1084 3082 occurrit,
1107 3015 1140 3069 ut
1161 3029 1251 3087 prae·
1281 3056 1284 3060 »

124 3113 201 3171 senti
227 3100 351 3187 πάρος,
379 3107 468 3168 ποτέ
495 3111 613 3188 aliaque
643 3113 796 3188 praeteriti
826 3116 968 3189 temporis
991 3114 1134 3173 adverbia
1155 3131 1252 3190 appo-

124 3211 292 3290 nanturw),
327 3233 405 3289 quae
435 3217 586 3290 augmenti
623 3217 708 3290 quasi
740 3217 818 3275 vices
853 3219 1023 3293 suscepisse
1052 3213 1251 3288 videntu1·³⁰),

122 3315 200 3374 idem
224 3318 312 3374 ctiam
336 3318 505 3390 Aeschylus
529 3319 643 3392 recepit
666 3325 695 3376 et
718 3319 747 3375 in
771 3336 856 3376 suum
881 3337 966 3377 usum
990 3320 1145 3377 convertit.
1189 3318 1251 3378 Sed

123 3437 220 3494 pauca
244 3437 322 3495 quae
345 3422 462 3477 exstant
492 3420 628 3496 exempla
651 3421 820 3496 Aeschyleo
843 3439 932 3496 quam
957 3423 1105 3498 angustis,
1138 3426 1170 3479 ut
1193 3439 1251 3496 par

124 3526 176 3592 est,
199 3520 305 3580 linibus
329 3522 450 3580 liberior
474 3522 545 3580 hacc
566 3521 684 3581 dicendi
707 3525 783 3582 ratic
807 3526 997 3582 contineatur
1013 3530 1116 3601 aperte
1132 3522 1252 3583 docent.

208 3625 337 3682 Primum
362 3623 521 3699 adverbia,
543 3642 621 3698 quae
645 3630 856 3703 apponuntur,
887 3627 950 3684 eius
973 3628 1091 3702 generis
1113 3629 1193 3703 sunt,
1216 3631 1251 3685 ut

208 3822 243 3886 aa)
261 3817 302 3872 uf.
321 3819 429 3873 Teuffel
456 3821 482 3873 in
511 3821 597 3889 praef.
622 3821 687 3876 edit.
712 3821 857 3875 Persarum
881 3840 907 3890 p.
927 3827 941 3875 5
962 3837 1019 3890 seq.
1064 3821 1181 3877 Schiller
1204 3824 1251 3877 ed·

123 3906 198 3959 Pers.
217 3904 302 3972 praef.
321 3921 348 3972 p.
364 3911 392 3957 11
413 3921 490 3973 seqq.
510 3910 538 3959 ct
556 3923 583 3974 p.
598 3909 696 3974 29seq.

208 3993 242 4053 ²⁰)
259 3989 360 4060 Odyss.
378 4010 404 4058 q,
423 3995 480 4044 2111.
500 3987 556 4045 αἰεὶ
574 3986 630 4061 γὰρ
650 3989 681 4045 τὸ
701 3988 794 4062 πάρος
806 4010 840 4061 ys
855 3990 921 4046 θεοὶ
941 3990 1093 4062 φαίνονται
1107 3987 1249 4064 ἐναργεῖς.

122 4071 158 4129 of.
180 4076 219 4143 M,
239 4076 341 4143 316141.
368 4076 396 4128 Σ
413 4079 469 4129 386.
488 4071 581 4145 πάρος
603 4095 637 4145 γε
655 4074 710 4144 μὲν
728 4071 790 4131 οὔτι
811 4075 951 4144 θαμίζεις.
977 4079 1006 4142 Α,
1026 4083 1083 4131 274.
1102 4075 1136 4132 cl'.
1155 4078 1250 4134 Kllhn.

123 4161 157 4229 Π,
172 4166 193 4214 1.
213 4177 239 4228 p.
255 4165 310 4214 111.
347 4161 458 4229 Krdger
478 4162 510 4215 D.
530 4166 571 4226 53,
586 4167 607 4228 l,
624 4168 645 4215 1.
682 4161 851 4217 Schmalfeld
870 4163 886 4215 l.
902 4165 916 4217 l.
935 4165 1004 4232 552,
1018 4169 1041 4217 3.
1061 4180 1086 4231 p.
1100 4167 1142 4218 88.

207 4250 242 4314 ³⁰)
261 4246 418 4300 Kohlmann
437 4246 454 4301 l.
469 4248 485 4302 l.
503 4264 529 4316 p.
543 4253 583 4302 311.
