2752 4664
1167 272 1204 334 17

24 506 30 511 .
71 453 140 509 ant
164 451 305 527 exiguum
328 450 407 509 inter
428 452 617 527 praesentem
645 450 736 525 atque
758 449 953 525 praeteritum
977 465 1076 508 rerum
1098 449 1207 506 statum

71 552 244 613 discrimen
271 551 441 611 intericiunt
471 556 524 611 aut
551 551 636 610 simul
658 551 811 627 praeteriti
834 551 976 625 temperis
1005 548 1155 609 notionem
1179 553 1210 608 et

72 653 213 715 aetionis
241 655 422 731 praeteritae
453 655 681 730 perpetuitatem
711 653 957 729 complectantur.
1001 653 1077 711 Nam
1101 651 1209 728 prieris

75 756 209 835 quidem
238 754 358 832 generis
388 755 562 815 adverbium
592 760 638 814 est
667 740 753 832 ἄρτι,
783 756 907 814 alterius
934 747 1013 813 νέον
1036 759 1066 812 et
1087 742 1210 822 κάλαι;

75 861 167 921 sieut
186 877 258 919 vere
272 844 385 916 Ιπάλαι
409 858 557 936 signifieat
586 876 645 916 nen
673 858 770 916 seium
800 864 886 933 „aute
916 857 1037 932 lengum
1068 856 1211 933 temperis

76 959 233 1040 spatium‘
255 959 310 1021 sed
331 961 419 1021 etiam
442 961 517 1038 „iam
534 960 677 1035 exlongo
694 952 855 1036 tempere‚“
877 960 919 1018 ita
932 951 1013 1016 νέον
1029 958 1209 1017 eontrarium

78 1064 180 1125 habet
206 1063 266 1122 vim
293 1066 380 1135 „ante
401 1063 491 1122 breve
515 1054 650 1139 tempus“
673 1066 724 1121 aut
747 1080 802 1139 „ex
830 1060 914 1121 brevi
942 1060 1029 1121 mede
1052 1044 1212 1138 tempere.“

79 1166 234 1244 Exempla
254 1167 347 1243 igitur
368 1169 472 1226 extant
493 1165 583 1226 haee:

52 1312 59 1321 .
176 1255 261 1348 ἄρτι.

79 1371 170 1449 Sept
192 1374 263 1433 534.
344 1364 463 1448 στείχει
485 1354 632 1441 utentur
656 1358 731 1449 ἄρτι
754 1359 809 1428 διὰ
829 1363 1006 1448 παρηίδων

130 1457 223 1553 ὥρας
244 1461 402 1552 φυούσης.
442 1474 689 1552 Parthenopaeus
711 1474 807 1533 Areus
830 1475 943 1551 primae
967 1473 1119 1549 lanuginis
1142 1471 1212 1531 ade-

130 1576 249 1637 ieseens
270 1575 461 1647 deser-ibitur3
486 1561 562 1654 ἄρτι
585 1577 733 1653 particula
756 1577 898 1636 aeristum
915 1575 1034 1635 videtur
1049 1575 1213 1651 requirere,

133 1696 204 1739 nam
226 1684 316 1738 enata
338 1684 384 1739 est
405 1680 461 1738 iam
485 1679 594 1757 barba;
624 1679 677 1738 sed
707 1696 851 1755 praesens
881 1680 968 1738 simul
990 1677 1103 1737 indieat
1125 1677 1212 1736 etiam

133 1799 216 1841 nune
237 1780 319 1840 illam
341 1781 574 1858 progerminare‚
598 1799 634 1840 ex
658 1799 718 1857 que
740 1782 924 1858 apparuerit.

177 1876 267 1956 νέον,
289 1902 394 1961 nuper,
418 1903 455 1944 ex
478 1885 563 1944 brevi
586 1888 727 1960 tempere.

83 2005 191 2063 Prem.
214 2006 263 2064 35.
349 1987 441 2073 ὅστις
465 1989 507 2061 ἂν
529 1997 609 2062 νέον
631 1998 745 2081 κρατῇ.

85 2105 162 2166 ibid.
187 2107 257 2166 955.
346 2099 427 2164 νέον
449 2099 520 2165 νέοι
542 2111 694 2184 κρατεῖτε
721 2137 763 2146 -
790 2106 828 2164 ad
858 2123 948 2182 quem
978 2122 1098 2163 versum
1131 2103 1215 2162 aehe-

135 2207 224 2383 liasga
253 2208 423 2368 aieirrletavit:
456 2202 564 2281 Νέον,
601 2201 730 2266 νεωστί.
790 2191 831 2265 ee’·
868 2192 931 2285 γὰρ
969 2189 1090 2284 ἀρχαία
1123 2192 1217 2282 ὑμῶν

137 2325 159 2388 η
208 2322 263 2369 αοι
285 2327 343 2368 εα.
367 2341 409 2350 -

89 2428 165 2490 ibin
189 2433 260 2492 389.
349 2409 370 2508 ἦ
392 2425 442 2508 τῷ
464 2423 543 2488 νέον
567 2424 750 2508 κρατοῦντι
772 2448 807 2488 ιι.
832 2419 1003 2507 έδρας;-
1018 2427 1054 2487 ef.
1075 2425 1218 2486 Valeken.

138 2531 178 2591 ad
199 2533 301 2609 Eurip.
323 2533 437 2592 Phuen.
458 2536 557 2593 1489:
584 2532 743 2608 „frequens
765 2519 838 2610 ἥκω
862 2525 998 2601 νεωοτέ;
1019 2559 1062 2571 —-
1085 2533 1130 2589 est
1144 2526 1218 2588 iilud

139 2633 346 2705 Homericum,
376 2632 515 2712 Sepheeli
546 2653 709 2710 nusquam,
749 2633 780 2692 in
811 2632 980 2710 Euripideis
1015 2630 1106 2690 semel
1135 2630 1219 2689 adhi-

140 2733 311 2809 bitum.“³.1)

182 2827 298 2897 πάλαι.

189 2940 260 3002 Oum
285 2940 407 3018 aeriam,
433 2946 467 3000 ut
487 2959 542 3016 par
565 2945 618 3018 est,
642 2939 834 3015 coniungitur
856 2939 913 3014 Ag.
928 2941 999 2998 587.
1023 2922 1221 3010 ἀνωλόλυξα

95 3037 161 3123 μὲν
183 3032 288 3102 πάλαι
308 3039 411 3122 χαρᾶς
433 3027 511 3116 tino,
533 3073 577 3082 -
599 3042 651 3102 sed
675 3044 826 3118 praesenti
850 3041 998 3101 adiectum
1023 3044 1080 3101 est:

96 3148 184 3206 Pers.
207 3148 278 3207 290.
357 3140 439 3222 σιγῶ
461 3134 567 3203 πάλαι
589 3176 631 3184 -

97 3265 158 3342 Ag.
180 3268 251 3326 364.
354 3258 444 3323 Δία.
469 3257 689 3342 ..αἰδοῦμαι

142 3356 206 3426 τὸν
219 3356 299 3426 τάδε
313 3351 476 3446 πράξαντ’
492 3355 544 3426 ἐπ’
559 3353 764 3446 Ἀλεξάνδρῳ
778 3361 933 3424 τείνοντα
947 3354 1053 3422 πάλαι
1068 3352 1171 3437 τόξον
1182 3392 1224 3400 -

145 3466 247 3544 (etiam
270 3488 350 3529 nune
373 3488 475 3529 areum
498 3467 613 3542 tendit.)

190 3736 224 3800 ³¹)
241 3735 317 3789 Pers.
336 3739 375 3788 13.
403 3727 506 3807 ᾤχωκε
532 3728 599 3788 νέον
627 3727 650 3788 ri'
653 3727 742 3804 ἄνδρα
766 3728 866 3805 βαύζει
890 3763 922 3770 -
946 3735 1022 3785 reete
1048 3730 1185 3784 omittitur
1211 3743 1228 3782 a

103 3822 192 3888 Leop.
209 3819 312 3887 Eruet,
330 3821 377 3888 qui
395 3821 413 3874 l.
427 3821 443 3875 Ι.
462 3837 489 3888 p.
502 3823 535 3873 44
553 3818 677 3889 perfecta
702 3824 844 3873 enumerat
868 3833 929 3870 eum
956 3815 1098 3885 partientis
1116 3820 1227 3881 tempus

104 3910 199 3961 aetum
222 3905 410 3959 indicantibus
435 3905 599 3972 euniunetu,
622 3906 724 3957 nullam
751 3919 818 3957 vere
845 3902 929 3955 huius
956 3900 1011 3955 leei
1029 3900 1097 3953 fauit
1114 3899 1228 3952 mentie-

103 4006 178 4046 nem.
223 3990 291 4045 Nam
318 4005 393 4044 nune
416 3989 528 4058 quidem
552 3995 664 4058 praeter
683 3988 858 4042 Dinderfium
883 3987 968 4041 eeteri
991 4001 1053 4039 eum
1071 3984 1228 4037 Hermanno

104 4075 176 4131 illud
193 4069 261 4129 νέον
279 4079 459 4128 mutaverunt
476 4073 504 4127 in
523 4068 598 4127 νέων
621 4077 712 4140 (πᾶσα
736 4068 792 4143 γὰρ
811 4067 891 4140 ἰσχὺς
911 4064 1105 4138 Ἀσιατογενὴς
1123 4060 1228 4137 οἴχωκε

104 4161 165 4230 (vel
184 4154 300 4234 ᾤχωκε)
317 4155 401 4216 νέων.
429 4152 517 4214 κοῦτε
535 4177 577 4222 τις
597 4151 721 4228 ἅγγελος
734 4162 799 4222 ete.)
816 4155 851 4211 ef.
871 4157 980 4209 Teuffel
999 4156 1043 4206 erl.
1062 4156 1137 4208 Pers,
1157 4154 1228 4205 Krit.

106 4245 255 4314 Bemerkg.
274 4250 299 4300 et
315 4244 408 4300 Seiriil.
427 4245 470 4299 ed.
489 4245 566 4299 Pers.
585 4240 717 4311 Anhang.

1010 4343 1031 4390 'in
