2752 4664
178 304 218 365 28

178 502 204 540 v.
228 485 298 542 480.
435 482 529 543 veroin
551 502 586 562 γε
608 481 706 564 ταγοὶ
728 484 798 545 τῶν
822 479 1045 563 λελειμμένων
1068 477 1173 566 σύδην

433 571 506 644 κατ’
529 567 634 666 οὖρον
656 573 723 647 οιῗκ
745 576 912 666 εὔκοσμον
936 582 1088 666 αἴρονται
1111 579 1231 668 φυγήν.

306 688 389 761 ane
421 690 450 747 in
481 690 530 760 ille
557 689 628 766 fuga
659 691 801 751 exercitui
832 691 995 749 acciderint
1025 693 1128 750 aeristi
1159 697 1301 750 enarrant

220 795 271 848 snt
293 790 466 865 imperfecte
489 794 659 853 accuratius
679 792 869 877 describunt,
894 797 1027 853 extrema
1050 811 1121 853 vero
1145 795 1300 853 calamites

221 893 368 967 praesenti
392 897 530 952 notatur:

484 991 582 1054 νυκτὶ
606 981 681 1056 0³32
703 982 910 1074 ταύτῃθεός

177 1116 205 1158 v.
227 1101 305 1159 497:
388 1085 390 1087 ’
436 1083 569 1176 χειμῶν’
592 1087 706 1177 άωρον
729 1086 826 1178 ὦρσε,
848 1085 1014 1178 πήγνυσιν
1030 1093 1065 1159 δὲ
1079 1096 1149 1160 πᾶν

796 1193 939 1280 ῥέεθρον
961 1189 1066 1279 άγνσῦ
1090 1189 1299 1282 Στρυμόνος.
1343 1185 1349 1191 ”

305 1301 363 1361 Sed
386 1308 546 1379 superatur
575 1305 739 1380 perieulum
770 1305 827 1380 piis
856 1306 985 1364 omnium
1009 1306 1164 1383 prooibns3
1192 1308 1300 1367 iterum

220 1406 369 1481 praesenti
395 1405 488 1465 ntitnr
510 1409 649 1466 nuntius:

433 1499 505 1566 ἐπεὶ
529 1502 564 1566 δὲ
587 1499 696 1567 πολλὰ
718 1505 921 1591 θεοκλυτῶν
936 1498 1111 1582 ἐπαύσατο

177 1611 208 1668 Ρ.
233 1613 303 1670 501.
434 1600 585 1689 στρατὸς,
607 1607 708 1693 περᾷ
731 1609 1016 1691 κρυσταλλοπῆγα
1039 1597 1094 1671 διὰ
1115 1597 1233 1692 πόρον.

263 1711 461 1789 SnppHees
781 1794 784 1799 Ι

264 1816 405 1890 Pelasgus
436 1835 489 1875 rex
518 1821 675 1892 postquam
706 1836 791 1876 snum
821 1819 914 1894 ipsius
937 1837 1044 1878 nomen
1067 1818 1224 1894 professus
1247 1823 1300 1890 est

178 1918 266 1977 etiarn
290 1921 390 1976 terrae
413 1920 496 1977 cuins
519 1919 629 1978 fruitnr
644 1921 835 1996 possessione
857 1925 1009 1980 vetustum
1032 1925 1062 1979 et
1076 1921 1175 1981 nobile
1191 1940 1299 1981 nomen

179 2021 324 2096 explieat:
347 2004 450 2098 αὐτῆς
474 2015 510 2079 δὲ
531 2011 641 2100 χώρας
657 2009 767 2093 sesag
789 2015 895 2081 πέδον
918 2009 995 2081 τάδε
1017 2008 1123 2081 πάλαι
1143 2015 1301 2099 κέκληται

178 2113 291 2197 φωτὸς
314 2117 433 2202 ἰατροῦ
453 2113 559 2201 χάριν.
613 2125 705 2184 Cnins
728 2126 800 2184 tanti
830 2124 900 2184 faeti
928 2125 1017 2185 nobili
1042 2125 1183 2202 snperbia
1205 2126 1301 2184 elatus

178 2228 347 2286 memoriam
371 2231 511 2303 repetens
533 2225 685 2303 praesenti
708 2228 819 2287 utitur:

433 2307 519 2399 ,³4an
542 2319 605 2407 γὰρ
628 2316 742 2388 ἐλθων
765 2375 770 2386 .
797 2376 801 2386 .
829 2376 833 2386 .
855 2315 967 2407 χθόνα

177 2451 205 2490 v.
229 2435 299 2492 264.
432 2416 528 2510 τήνδ’
550 2424 786 2509 ἐκκαθαίρει
809 2421 997 2490 κνωδάλων
1020 2422 1280 2511 βροτοφθόρων,

433 2523 474 2591 τὰ
497 2523 536 2612 δὴ
559 2524 717 2593 παλαιῶν
739 2523 890 2612 αἱμάτων
912 2523 1069 2612 μιάσμασι

430 2620 604 2716 χρανθεῖσ)
628 2622 732 2715 άνῆκε
759 2638 898 2705 (aoristns
928 2637 1079 2696 notandus
1102 2636 1158 2709 est)
1182 2643 1259 2715 γαῖα

1018 2725 1143 2819 μηνιαῖ’
1167 2726 1237 2819 άχη,
1260 2771 1303 2779 -—

264 2844 323 2901 Iam
353 2843 434 2901 inira
463 2862 489 2899 v.
514 2845 583 2902 297.
607 2844 676 2903 300.
700 2846 761 2902 312
791 2841 877 2902 etiem
910 2843 940 2901 in
970 2842 1105 2903 diverbio
1135 2844 1303 2919 praesentis

181 2944 315 3004 historici
347 2945 507 3023 singularis
529 2945 645 3021 speeies
668 2944 806 3003 oeenrrit.
852 2945 1037 3021 Colloqnitnr
1058 2947 1135 3004 enim
1159 2964 1212 3004 ren
1235 2965 1302 3006 oum

178 3047 365 3106 Danaidibns
389 3066 424 3106 ao
448 3047 580 3123 quaerit,
605 3047 685 3106 unde
707 3047 807 3124 gentis
830 3065 904 3108 snae
927 3048 1072 3125 originem
1094 3049 1164 3108 iliae
1183 3048 1304 3125 ducant,

180 3169 240 3208 non
266 3154 326 3209 tam
349 3168 448 3209 rernm
472 3168 617 3209 novarum
642 3150 779 3209 rurIosus
803 3168 892 3226 qnam
919 3150 1108 3210 examinandi
1131 3150 1230 3210 studio
1253 3151 1303 3209 ad-

179 3252 295 3312 ductus.
345 3254 420 3312 Nam
451 3258 534 3311 meto
565 3251 600 3311 G.
622 3254 814 3311 Hermnnnns
846 3251 904 3325 (ed.
935 3273 961 3310 v.
987 3256 1058 3323 280)
1087 3258 1186 3313 monet
1211 3253 1303 3312 haee:

178 3356 226 3432 „in
251 3355 329 3413 omni
352 3355 409 3414 hoe
433 3355 567 3414 diverbio
590 3354 752 3413 tenendnm
782 3360 826 3414 est
858 3357 977 3430 cognita
1006 3355 1116 3414 habere
1143 3374 1243 3432 regem
1267 3375 1303 3415 ea

180 3457 217 3517 de
250 3458 359 3534 quibus
390 3459 506 3534 quaerit
533 3463 563 3515 et
593 3476 739 3534 quaerere
769 3457 939 3530 dumtaxat,
970 3461 1002 3516 nt
1032 3458 1168 3534 exploret
1190 3477 1303 3518 verane

178 3579 215 3618 an
239 3559 315 3619 falsa
338 3559 438 3618 dicant
461 3553 619 3636 virgines.“
664 3559 731 3633 Quo
755 3579 791 3618 ex
815 3560 913 3620 studio
936 3561 1032 3620 fluunt
1054 3562 1240 3637 praesentia:

179 3683 206 3722 v.
230 3666 299 3723 297.
435 3657 511 3732 πῶς
534 3641 598 3719 οὖν
620 3658 788 3744 τελευτᾷ
808 3656 974 3736 βασιλέων
996 3656 1089 3742 νείκη
1112 3648 1206 3720 τάδε·
1231 3667 1261 3722 et

178 3785 207 3824 v.
233 3768 303 3826 300.
436 3751 565 3823 οὔκουν
587 3754 751 3839 πελάζει
775 3749 856 3834 Ζευς
879 3749 930 3822 ἐπ’
953 3751 1119 3843 εὐκραίρῳ
1142 3757 1212 3836 sor:

221 3873 250 3926 et
272 3867 302 3927 in
326 3869 519 3943 responsione
543 3867 640 3926 ehori:

179 3990 206 4030 v.
230 3975 299 4031 312.
435 3964 491 4026 καὶ
514 3959 593 4039 Ζεὺς
617 3952 646 4047 γ’
658 3958 819 4046 ἐφάπτωρ
843 3964 927 4048 χειρὶ
950 3954 1083 4045 φιτύει
1106 3959 1217 4048 γόνον.

265 4074 326 4132 lem
350 4072 520 4132 accedimns
543 4071 580 4130 nd
605 4071 688 4130 ehori
712 4071 859 4131 oentionm
891 4070 931 4144 (v.
954 4074 1015 4132 524
1032 4069 1146 4149 σασα),
1168 4091 1228 4148 quo
1251 4074 1303 4133 Ins

179 4175 240 4234 fata
263 4180 292 4234 et
315 4176 416 4251 stirpis
440 4175 541 4233 divina
564 4175 646 4250 origo
671 4174 866 4234 celebrantur.
916 4176 1009 4235 Laeto
1042 4175 1181 4252 elatoque
1203 4175 1303 4235 animo

175 4277 296 4335 easdem
331 4277 472 4354 regiones
509 4277 640 4354 virgines
670 4281 854 4354 agnoscunt,
889 4296 905 4338 o
937 4277 1045 4354 quibus
1075 4279 1107 4338 Io
1143 4277 1304 4356 qnondam,
