2752 4664
1223 241 1242 303 11

121 411 211 470 Ouius
242 412 314 469 artis
344 412 474 470 studium
507 415 560 472 etsi
584 413 729 488 imprimis
752 413 782 470 in
805 413 1023 490 „epitlretorum
1047 415 1191 474 electione
1215 418 1244 473 et

70 549 76 561 ·
120 513 223 587 vigore
246 514 473 573 translationum
497 519 588 591 atque
620 514 844 573 similitudinum
869 521 899 575 et
920 517 949 574 in
982 534 1080 575 rerum
1104 521 1244 574 accurata

121 620 151 673 et
172 615 251 673 facta
273 616 710 694 quodammododescriptione
722 610 763 686 Ὗ(
786 619 929 694 cernitur,
951 622 1048 676 tamen
1073 637 1132 677 non
1148 619 1244 676 minus

120 718 310 794 perspicuum
335 722 380 777 est
402 720 432 776 in
456 719 623 794 praesentis
639 725 877 796 ceterorumque·
888 724 1054 797 temporum
1071 739 1127 778 usu
1143 720 1246 779 subtili

122 824 151 877 et
174 823 245 895 apta
267 820 441 879 variatione.

207 940 282 997 Nam
307 958 373 997 cum
390 941 496 998 ceteris
512 946 574 998 tum
590 941 638 1000 vel
661 942 785 1000 maxime
803 941 973 999 dramatieis
997 941 1093 1016 poetis
1110 941 1140 999 id
1157 959 1244 1016 agen·

123 1041 191 1099 dum
216 1045 268 1115 est,
292 1046 324 1099 ut
347 1042 492 1117 quidquid
505 1044 554 1101 vel
575 1042 634 1113 fiat,
657 1045 707 1102 vel
729 1045 759 1100 in
782 1061 977 1118 personarum
994 1044 1099 1102 animis
1120 1062 1245 1102 eommo-

123 1149 237 1212 veatur,
252 1144 280 1201 id
297 1149 497 1220 spectatorum
515 1147 637 1212 auribus
653 1146 807 1220 oculisque
830 1147 871 1204 ita
894 1147 1078 1222 obversetur,
1100 1151 1133 1204 ut
1156 1146 1245 1205 etiam
1294 1145 1298 1151 '

123 1245 289 1303 absentium
313 1264 411 1304 rerum
434 1247 577 1322 imagines
600 1253 775 1324 praesentes
798 1248 910 1306 habere
934 1248 975 1305 illi
1000 1249 1055 1306 sibi
1079 1249 1246 1307 videantur.

123 1349 192 1406 Non
222 1349 298 1406 enim
329 1353 448 1407 enarrat
475 1350 656 1409 dramaticus
684 1356 774 1425 poeta
803 1351 881 1408 sicut
912 1351 1028 1426 opicus,
1057 1369 1134 1426 quae
1155 1352 1246 1427 „irre-

125 1451 267 1518 vocabilis
304 1452 460 1510 abstulerit
496 1454 551 1510 ianr
589 1453 753 1528 praeterita
788 1445 902 1529 actae,“
940 1452 992 1512 sed
1030 1471 1108 1528 quae
1147 1459 1247 1512 mente

125 1558 155 1610 et
187 1553 366 1628 cogitatione
404 1555 578 1629 complexus
618 1558 663 1613 est
697 1556 739 1613 ita
778 1555 908 1629 explicat
947 1558 976 1613 et
1013 1556 1042 1612 in
1083 1559 1247 1631 conspectu

125 1656 224 1730 ponit,
247 1659 279 1713 ut
306 1674 406 1713 rerum
437 1657 520 1714 initia
549 1661 578 1714 et
608 1656 721 1733 fontes,
751 1657 908 1726 decursus,
939 1656 1014 1715 fines
1036 1664 1127 1733 atque
1150 1659 1246 1716 exitus

126 1758 199 1833 ipsis
229 1758 322 1815 oeulis
353 1759 607 1835 contemplemur,
644 1764 677 1818 ut
707 1759 835 1834 denique
866 1759 1044 1835 sentiamus,
1075 1758 1248 1835 cogitemus,

125 1861 260 1918 uiuamus
293 1878 359 1918 cum
393 1861 436 1919 eis
470 1877 544 1935 quas
574 1868 663 1938 poeta
696 1863 725 1919 in
757 1879 876 1920 scenam
908 1861 1048 1936 producit
1078 1860 1248 1920 fabularum

126 1980 270 2036 personis.

213 2083 309 2155 Quam
332 2101 474 2141 summum
498 2090 528 2142 et
550 2084 674 2159 primam
691 2084 875 2142 dramaticae
898 2083 970 2141 artis
993 2084 1091 2160 legem
1107 2082 1251 2158 Aeschyli

127 2203 245 2255 manum
270 2185 430 2255 direxisse,
454 2186 520 2262 quis
555 2205 614 2244 non
644 2186 733 2244 habet
763 2186 965 2261 exploratum,
996 2186 1048 2261 qui
1070 2184 1250 2260 considerat,

127 2288 209 2345 illum
233 2288 354 2346 Homeri
378 2287 453 2346 adeo
476 2287 569 2346 luisse
592 2287 766 2361 studiosum,
788 2292 821 2346 ut
844 2305 913 2345 suas
936 2287 1106 2362 tragoedIas
1127 2274 1249 2364 τεμάχη

126 2387 197 2446 τῶν
214 2372 356 2469 Ὀμήρου
377 2380 532 2466 μεγάλων
555 2382 703 2447 δείπνων
726 2406 791 2447 1111
809 2390 1010 2448 confiteretur.
1054 2389 1093 2448 ht
1114 2389 1166 2464 qui
1188 2407 1249 2448 non

128 2492 301 2568 quiescebat
330 2493 359 2550 in
391 2493 474 2569 rupis
502 2499 683 2569 praeruptae
706 2492 755 2563 (cf.
779 2492 883 2568 Suppl.
908 2495 967 2551 792
980 2494 1074 2567 seqq.)
1098 2497 1150 2550 aut
1178 2495 1249 2550 tem·

128 2595 252 2671 pestatis
274 2596 551 2654 vehementissimae
574 2595 685 2667 (Prom.
703 2597 784 2655 1080
797 2591 892 2670 seqq.)
915 2599 966 2652 aut
988 2593 1146 2670 Typhonis
1170 2591 1251 2666 [ibid.

90 2676 94 2683 .
129 2701 168 2757 35
181 2694 276 2772 seqq.)
293 2705 344 2755 aut
359 2702 472 2772 septem
487 2697 605 2756 illorum
628 2697 679 2772 qui
695 2697 816 2754 Thebas
840 2695 1017 2754 obsidebant
1040 2695 1148 2754 ducum
1164 2713 1250 2753 accu-

132 2800 283 2857 ratissima
294 2799 505 2875 descriptione,
521 2799 572 2874 qui
585 2799 763 2873 pennigeras
775 2797 947 2873 appellabat
958 2799 1043 2856 nives
1059 2799 1167 2865 (Prom.
1181 2799 1251 2857 993.

128 2893 343 2979 λευκοπτέρῳ
364 2931 407 2939 -
428 2885 571 2976 νιφάδι),
595 2901 646 2976 qui
675 2901 775 2958 multis
798 2900 863 2957 aliis
885 2899 990 2976 rebus,
1013 2918 1088 2975 quas
1112 2919 1172 2958 non
1195 2899 1252 2957 nisi

129 3003 307 3079 cogitatione
339 3004 578 3079 complectimur,
612 3003 697 3078 quasi
727 3019 837 3077 corpus
867 3001 1022 3072 induebat,
1052 3002 1132 3060 idem
1163 3001 1251 3060 etiam
1313 3081 1315 3084 Α

129 3111 296 3181 temporum
328 3124 413 3164 usum
443 3106 486 3163 ita
508 3105 679 3163 moderatus
702 3108 763 3179 est,
792 3111 825 3162 ut
855 3122 953 3163 rerum
978 3122 1065 3179 quam
1096 3104 1250 3162 maximam

130 3207 263 3266 efficeret
278 3208 533 3284 perspicuitatem,
556 3213 588 3265 ut
610 3208 708 3265 varias
724 3207 875 3282 cogitandi
896 3205 1104 3280 sentiendique
1119 3206 1252 3266 rationes

130 3310 294 3385 detegeret
308 3316 337 3368 et
359 3312 444 3385 quasi
466 3312 585 3368 intimos
608 3327 729 3368 suarum
753 3327 950 3385 personarum
977 3309 1091 3366 animos
1113 3309 1252 3385 aperiret.

217 3431 283 3504 Quo
306 3431 336 3488 in
359 3430 456 3488 studio
480 3448 546 3487 cum
569 3447 629 3487 non
653 3429 840 3486 mediocriter
863 3428 1059 3486 adiuvaretur
1082 3428 1157 3486 mira
1179 3446 1252 3503 qua-

131 3531 198 3590 dam
229 3549 356 3608 graecae
386 3532 507 3606 linguae
537 3536 567 3589 et
596 3530 782 3589 volubilitate
806 3535 835 3588 et
858 3530 1007 3606 elegantia
1030 3529 1252 3604 formarumque

132 3635 277 3710 ubertate,
298 3641 396 3692 tamen
418 3635 448 3692 in
472 3634 616 3691 sermonis
640 3623 839 3691 constituendi
864 3649 986 3689 munere
1017 3631 1053 3689 ab
1077 3632 1140 3690 eius
1164 3630 1253 3690 laude

131 3737 204 3795 nihil
227 3737 398 3812 derogatur,
421 3734 580 3794 dummodo
603 3735 798 3811 respiciamus
814 3753 902 3810 quam
926 3732 1024 3792 subtili
1047 3734 1158 3792 iudicio
1181 3740 1252 3792 tem·

217 3971 239 4033 ⁷)
258 3965 299 4021 ef.
322 3966 454 4021 Lechner.
477 3967 494 4020 l.
510 3966 528 4019 1.
546 3983 573 4035 p.
592 3970 631 4020 25.
672 3965 844 4034 Bernhardy.
863 3964 880 4017 l.
898 3965 915 4017 l.
933 3980 960 4032 p.
978 3968 1041 4018 256:
1074 3963 1176 4026 „Unter
1200 3963 1254 4017 den

132 4051 452 4121 Eigenthiimlichkeiten
471 4051 640 4106 seinesStils
658 4051 716 4104 und
729 4049 934 4104 dichterischen
944 4049 1050 4103 Genius
1069 4049 1130 4101 tritt
1142 4047 1255 4102 charak·

132 4138 274 4191 ter-istiscn
294 4136 392 4191 hervor
411 4137 462 4191 das
480 4138 543 4191 Bild
559 4137 615 4189 und
630 4136 676 4189 die
697 4135 841 4201 figurliche
860 4134 1033 4202 Redeweise,
1052 4133 1156 4186 welche
1177 4133 1253 4186 scine

133 4223 328 4291 Komposition
348 4220 399 4277 aul
413 4225 485 4277 allen
502 4221 634 4276 Punkten
653 4217 836 4274 beleuchtet.“

1037 4318 1072 4366 q*
