2752 4664
170 306 210 366 24

171 480 317 540 actionem
352 482 472 559 saepius
511 483 646 541 iteratam
680 486 709 540 01
747 483 917 541 etiamnunc
947 482 1104 540 durantem
1136 479 1293 557 significat.

172 583 304 642 Eandem
329 584 366 642 ab
389 601 509 642 causam
533 602 567 643 ea
589 602 729 642 removeo
752 584 936 660 praesentia,
968 602 1044 660 quae
1073 585 1101 642 in
1130 584 1294 643 Partheno·

171 686 238 762 paei
268 684 396 745 Arcadis
425 686 528 745 habitu
557 684 757 745 describendo
788 686 880 763 (Sept.
902 683 1099 758 sao—543.)
1123 688 1296 745 occurrunt

171 789 248 848 Nam
278 790 337 847 stat
366 788 412 846 vir
442 787 620 848 fortissimus
647 791 716 847 ante
744 792 848 865 portas
879 788 983 848 eadem
1007 788 1178 848 etiamnunc
1201 789 1238 847 de
1262 806 1294 847 se

171 889 363 968 praedicans,
392 908 478 966 quae
496 891 618 949 nuntius
645 891 718 965 ipsis
748 890 809 949 suis
841 890 964 950 auribus
994 891 1097 967 paullo
1127 894 1196 949 ante
1227 909 1294 967 per·

172 989 308 1069 0001139).
351 991 433 1052 Idem
458 991 650 1052 statuendum
678 997 723 1052 est
750 993 787 1052 de
810 994 962 1070 praesenti
984 986 1107 1070 κέμκει
1129 993 1185 1068 Ag.
1202 997 1240 1053 61
1266 996 1296 1052 01

174 1099 243 1155 111.
270 1124 311 1133 -
339 1094 440 1153 missio
474 1095 550 1154 enim
588 1095 758 1154 etiamnunc
797 1094 963 1171 perdurare
1002 1095 1128 1155 videtur.
1180 1097 1295 1171 ltaque,

172 1200 205 1257 ut
227 1197 332 1274 paucis
354 1216 415 1256 rem
440 1197 637 1268 absolvamus,
661 1197 760 1257 omnia
783 1216 818 1256 ea
840 1197 1012 1275 praesentia
1034 1197 1185 1257 historicis
1208 1216 1295 1274 prae-

173 1300 306 1359 sentibus
337 1299 535 1359 adscribenda
564 1301 751 1375 negaverim,
787 1300 896 1376 quibus
928 1301 1077 1360 actionum
1110 1300 1295 1376 singularum

173 1420 316 1480 praesens
339 1406 429 1478 atque
451 1402 619 1480 perdurans
641 1405 737 1461 status
760 1402 955 1478 significatur.

259 1504 409 1564 Historica
430 1505 520 1580 igitur
542 1505 713 1579 praesentia
736 1507 856 1564 exstant
879 1505 969 1563 haec:

173 1608 271 1667 Prom.
299 1610 368 1667 109.
405 1590 745 1685 ναρθηκοπλήρωτον
782 1601 817 1665 δὲ
855 1602 1038 1686 θηρῶμαι
1073 1595 1183 1686 πηγὴν
1218 1604 1297 1664 κλο-

215 1704 329 1767 παίαν.
354 1740 395 1748 -
417 1709 586 1768 Promethei
611 1712 681 1768 sunt
704 1709 804 1769 verba.
849 1709 1133 1769 Vehementissimos
1152 1712 1216 1768 toto
1233 1727 1296 1768 cor-

216 1831 288 1889 pore
313 1812 473 1888 animoque
496 1812 642 1887 persentit
656 1811 786 1882 dolores3
809 1813 839 1871 in
862 1815 945 1871 tanta
966 1812 1053 1870 animi
1071 1812 1296 1887 perturbatione

98 1952 105 1961 ·
217 1919 298 1974 retro
328 1918 468 1992 spectans
497 1915 663 1989 praesentis
691 1914 760 1972 mali
791 1913 902 1973 fontem
925 1915 954 1972 in
979 1913 1149 1973 memoriam
1172 1913 1227 1973 sibi
1251 1932 1296 1973 re·

218 2021 306 2076 vocat
338 2020 422 2076 tanta
460 2034 526 2076 cum
565 2016 732 2087 alacritate,
773 2020 807 2075 nt
837 2017 901 2093 ipse
931 2015 1101 2076 etiamnunc
1123 2011 1298 2095 θηρᾶσθαι

217 2103 331 2199 πηγὴν
354 2113 525 2178 κλοπαίαν
547 2119 601 2177 sibi
625 2118 771 2178 videatur.

175 2224 359 2282 Ρ1001.229.
430 2208 523 2292 ὅκως
545 2209 684 2298 τοίχιστα
705 2210 767 2279 τὸν
789 2217 952 2298 πατρῷον
973 2213 1007 2291 ές
1029 2209 1160 2298 θρόνον

430 2307 594 2398 καθέζετ’,
617 2308 722 2393 adada
744 2317 898 2400 δαίμοσιν
920 2316 1029 2399 νέμει
1050 2317 1130 2400 γέρα

431 2411 585 2483 ἄλλοισιν
609 2413 704 2496 ἄλλα,
728 2419 784 2482 καὶ
806 2418 1048 2500 διεστοιχίζετο.

219 2529 415 2588 Prometheus
438 2527 529 2587 choro
553 2527 762 2603 obtemperans
786 2526 878 2591 (etv.
896 2525 1123 2604 1931010101,
1147 2526 1298 2604 quomodo

220 2632 333 2706 lupiter
364 2649 424 2690 non
460 2631 524 2689 sine
560 2647 614 2689 sno
645 2628 787 2707 prudenti
821 2629 943 2689 consilio
975 2648 1075 2689 rernm
1108 2630 1147 2690 sit
1178 2631 1298 2707 potitus.

219 2734 280 2791 lam
311 2734 347 2792 ad
379 2752 463 2792 snam
494 2750 613 2792 causam
636 2750 815 2810 progressus
846 2731 996 2810 quomodo
1026 2732 1077 2792 1110
1107 2750 1139 2792 se
1170 2733 1299 2810 gesserit

219 2835 320 2895 refert.
365 2837 477 2894 Iniusta
491 2834 571 2895 lovis
586 2835 660 2894 ratio
683 2837 831 2913 praesenti
855 2828 945 2912 νέμει
967 2834 1077 2911 optime
1097 2824 1300 2912 exaggeratur

219 2943 249 2998 et
270 2938 447 2997 illustratur.

305 3041 442 3100 00101010
472 3039 665 3100 admiraberis
697 3041 841 3099 sermonis
873 3039 1073 3100 incredibilem
1098 3040 1300 3117 mobilitatem,

220 3144 291 3220 qnia
312 3142 463 3218 praesenti
485 3133 576 3218 νέμει
598 3143 696 3201 statim
720 3142 852 3202 adhibita
874 3143 1045 3219 copulativa
1071 3143 1220 3220 particula
1242 3137 1300 3200 καὶ

219 3245 392 3320 adiungitur
414 3243 620 3320 imperfectum
645 3239 890 3322 διεστοιχίζετο,
921 3249 954 3305 01
977 3246 1047 3304 alibi
1070 3243 1299 3321 saepissime40).

178 3346 260 3424 Sept.
276 3352 345 3409 671.
361 3364 444 3423 seqq.
464 3347 494 3405 in
510 3345 683 3423 Amphiarai
702 3347 917 3424 descriptione:
934 3329 1134 3424 Ὁμολωίσιν
1157 3339 1191 3404 δὲ
1213 3336 1300 3425 πρὸς

219 3439 340 3520 αέλαις
361 3442 558 3526 τεταγμένος
580 3455 714 3508 κακοῖσι
736 3439 844 3524 βάζει
866 3434 979 3508 πολλὰ
1005 3442 1133 3520 Τυδέως
1156 3443 1233 3522 βίαν
1258 3479 1299 3488 -

220 3559 250 3613 01
269 3556 347 3613 579:
434 3545 483 3622 δίς
504 3535 572 3609 τ’ἐν
594 3547 731 3628 τελεοτη
752 3538 889 3630 τοῦνομ’
912 3542 1154 3630 ἐνδατούμενος

432 3653 557 3726 καλεῖ,
582 3648 688 3732 λέγει
711 3648 747 3713 δὲ
769 3640 861 3712 τοῦτ’
884 3644 965 3725 ἔτος
987 3638 1042 3713 διὰ
1063 3642 1179 3731 στόμα.

220 3759 296 3817 Nam
328 3776 405 3840 qnae
436 3760 619 3833 sequnntur:
651 3740 785 3815 τοιαῦθ)
818 3743 837 3814 δ
867 3745 984 3833 μάντις
1014 3791 1054 3799 -
1081 3743 1175 3834 ηὔδα.
1214 3753 1300 3836 σῆμα

220 3847 249 3918 δ
251 3844 314 3919 οδκ
345 3851 431 3937 ἐπῆν
458 3848 573 3937 κύκλῳ
605 3889 645 3900 -
678 3858 843 3935 praesentis
874 3859 1005 3918 historici
1037 3859 1182 3936 exemplis
1205 3857 1299 3919 adnu-

262 4023 412 4090 3”)1100110
439 4027 515 4075 recte
533 4038 558 4075 v.
578 4025 626 4075 542
644 4018 765 4090 Ι11101101.
789 4020 931 4089 vulgatam
956 4021 1145 4088 scriptionem:
1174 4010 1300 4090 γόμφοις

178 4102 276 4174 ἐνώμα
294 4107 423 4173 mutavit,
440 4106 479 4160 ita
497 4112 528 4160 ut
545 4121 677 4174 praesens
694 4105 868 4161 restitueret:
887 4101 1028 4175 γόμφοισι
1045 4109 1136 4181 νωμᾷ.

263 4195 295 4252 ⁴⁰)
313 4192 417 4246 Eadem
441 4208 501 4245 cum
525 4189 660 4246 facilitate
682 4206 816 4260 praesens
841 4196 869 4246 et
890 4191 1010 4246 aoristus
1032 4190 1153 4245 invicem
1176 4205 1205 4245 se
1224 4188 1299 4245 exci-

173 4277 265 4345 piunt.
294 4277 336 4332 cf.
349 4278 425 4332 Pers.
438 4282 487 4331 4119
498 4292 556 4345 seq.
570 4280 697 4331 465-10.
710 4281 768 4331 491.
787 4276 864 4348 Sept.
878 4282 925 4332 191
937 4292 1013 4346 seqq.
1032 4278 1299 4345 11010634000010.
