2752 4664
122 270 145 335 4

122 463 229 520 porum
253 443 423 504 discrimina
446 443 618 502 distinxerit
639 447 669 502 et
691 461 727 500 ex
743 443 827 501 vario
850 460 905 501 usu
927 460 964 501 ea
979 459 1102 518 semper
1118 442 1261 517 elegerit,

123 566 200 624 quae
223 547 295 606 artis
317 546 433 620 legibus
457 544 674 604 satisfacerent.

210 650 274 709 Jam
297 653 331 708 ut
354 648 434 725 quod
457 648 640 724 generaliter
667 646 883 722 disputavimus
904 645 943 705 ad
965 647 1157 722 singulorum
1184 649 1260 706 tem-

122 773 229 830 porum
253 771 338 812 usum
361 769 551 822 revocemus,
580 751 746 826 praesentis
769 751 896 826 primum
919 750 1132 825 persequimur
1156 766 1261 808 usum.

666 1018 703 1098 Ι.

210 1197 277 1270 Qua
299 1197 329 1254 in
353 1196 527 1272 quaestione
547 1212 612 1254 eum
636 1193 673 1252 de
697 1194 864 1269 praesentis
887 1197 994 1252 natura
1017 1211 1051 1251 ac
1073 1189 1135 1262 vi⁸)
1160 1193 1258 1252 latius

125 1305 154 1359 et
177 1300 326 1374 copiosius
350 1297 497 1356 disserere
513 1315 572 1355 non
588 1314 663 1372 opus
686 1296 731 1365 sit,
756 1313 791 1354 ea
806 1296 976 1372 praesentia
994 1294 1092 1354 omnia
1108 1294 1258 1354 videntur

124 1401 302 1477 omittenda,
332 1419 410 1476 quae
441 1418 506 1458 cum
535 1419 571 1458 ex
601 1399 780 1458 necessitate
810 1399 961 1474 pendeant
993 1404 1023 1457 et
1052 1417 1070 1455 a
1100 1397 1256 1456 communi

124 1505 254 1563 omnium
277 1521 333 1562 usu
357 1503 439 1561 nullo
458 1506 546 1578 pacto
562 1501 712 1572 recedent,
736 1501 928 1560 subtilitatem
945 1499 1074 1576 eligendi
1090 1500 1257 1560 admittant

124 1606 245 1665 nullam.
1017 1672 1020 1679 Ι

210 1709 286 1767 Nam
318 1709 443 1783 primum
475 1706 595 1782 quidem
627 1707 698 1766 nihil
729 1707 835 1765 mirum
868 1710 912 1765 est
943 1707 981 1775 si,
1013 1704 1043 1763 id
1075 1704 1157 1781 quod
1188 1707 1256 1780 ipsa

124 1811 304 1870 dramaticae
342 1810 467 1868 actionis
507 1814 614 1868 natura
659 1810 732 1878 fert,
770 1826 914 1884 praesens
952 1808 991 1867 ad
1028 1825 1079 1866 eas
1116 1809 1263 1868 actiones·

124 1911 273 1972 notandas
304 1910 476 1987 adhibetur,
505 1930 583 1987 quae
616 1910 719 1970 eodem
750 1913 892 1987 temporis
923 1916 1070 1969 momento
1102 1911 1193 1969 simul
1227 1917 1257 1970 et

124 2014 201 2074 fiunt
223 2016 253 2073 in
276 2033 365 2074 scena
394 2020 423 2074 et
454 2014 554 2073 verbis
585 2014 793 2088 exprimuntur
815 2015 863 2071 vel
893 2014 1145 2090 pronuntiantur,
1167 2015 1257 2073 volut

124 2118 149 2175 si
185 2119 216 2176 in
254 2117 431 2176 Prometheo
468 2115 626 2174 vinciendo
661 2120 826 2191 occupatus
856 2115 1025 2174 Vulcanus:
1055 2109 1253 2192 περαίνεται

125 2209 184 2297 δὴ,
206 2220 320 2295 inquit,
342 2204 405 2276 κού
434 2213 523 2299 ματᾷ
552 2204 697 2296 τοῦργον
727 2207 815 2276 τόδε.
861 2219 969 2294 Neque
998 2220 1095 2276 minus
1123 2237 1254 2278 consen-

123 2324 245 2380 taneum
274 2323 319 2378 est
349 2322 500 2395 praesenti
530 2325 648 2396 poetam
678 2321 720 2377 ita
750 2322 801 2391 uti,
832 2330 864 2380 ut
886 2325 938 2379 aut
961 2325 1069 2379 statum
1097 2324 1255 2395 praesenti

123 2426 261 2498 tempore
291 2424 514 2496 permanentem
546 2427 598 2479 aut
620 2421 828 2497 repetitionem
853 2423 978 2480 actionis
1002 2421 1189 2497 significet9).

211 2523 327 2597 Quibus
356 2525 385 2581 in
409 2523 569 2599 generibus
600 2524 693 2583 libero
716 2524 838 2583 arbitrio
861 2525 975 2584 nullum
1000 2527 1097 2584 locum
1119 2527 1255 2604 relinqui

124 2629 230 2701 sponte
252 2626 438 2702 intelligitur.

208 2729 249 2788 At
270 2746 342 2788 vero
366 2729 540 2805 plasticum,
571 2734 604 2789 ut
626 2731 667 2788 ita
697 2728 809 2801 dicam,
839 2736 959 2806 poetam
988 2731 1196 2807 cognoscimus
1222 2734 1255 2792 in

123 2830 353 2906 pronuntiandis
387 2833 543 2891 sententiis
574 2832 793 2903 communibus,
826 2833 933 2908 quibus
964 2852 999 2893 ea
1029 2838 1255 2910 proponuntur,

125 2951 204 3009 quae
228 2935 358 2992 omnium
383 2950 533 2993 consensu
556 2936 742 3010 comprobari
765 2935 912 2994 videntur.

211 3131 232 3194 θ)
251 3128 383 3183 Veterum
418 3129 657 3198 grammaticorum
689 3131 844 3185 sententias
876 3131 991 3199 collegit
1017 3130 1187 3186 Schmidtius
1222 3135 1253 3188 in

124 3215 383 3281 dissertationibus,
418 3230 489 3284 quae
517 3215 669 3283 inscriptae
698 3222 777 3270 sunt:
810 3217 960 3270 Doctrinae
987 3222 1143 3286 temporum
1171 3220 1253 3274 verbi

124 3299 224 3353 Graeci
248 3306 276 3353 et
293 3300 392 3354 Latini.
429 3301 508 3355 Halle
530 3305 655 3354 18311-
672 3299 823 3356 Accedunt
845 3303 1029 3356 recentiorum
1054 3301 1253 3358 definitiones:

123 3385 283 3452 Buttmann,
302 3383 411 3438 Griech.
431 3385 477 3438 Gr.
496 3388 511 3456 ξ
532 3391 588 3439 131.
624 3386 766 3454 thiersch,
785 3387 904 3439 Gramm.
923 3391 1006 3454 5289,
1021 3391 1043 3442 2.
1081 3386 1252 3442 Schmall'eld

123 3468 229 3539 Syntax
248 3470 274 3523 d.
293 3469 395 3538 griech.
410 3470 493 3525 Verb.
530 3471 663 3525 Eisleben
680 3477 750 3526 18411.
786 3476 855 3537 ς’52,
869 3489 895 3540 p.
910 3477 949 3525 81,
969 3473 1083 3528 Curtius
1102 3473 1177 3542 Gr.§
1192 3478 1251 3529 186.

123 3555 346 3623 Eriduterungen
376 3555 443 3624 Cap.
464 3559 509 3621 20,
532 3574 557 3624 p.
578 3561 624 3610 178
641 3573 718 3630 seqq.
763 3558 835 3611 Rost
858 3561 873 3623 ᾖ
894 3563 952 3625 116,
972 3559 1011 3626 ll,
1031 3564 1055 3612 6.
1097 3559 1252 3627 Delbriick,

123 3637 235 3691 Altind.
254 3639 454 3708 Tempuslehre
473 3659 499 3709 p.
514 3645 554 3696 89.
590 3642 727 3710 Kruegcr,
746 3642 854 3696 (triech.
874 3642 996 3710 Sprachl.
1015 3645 1033 3697 t'.
1047 3644 1167 3697 Schulen
1188 3661 1214 3712 p.
1229 3647 1251 3713 l,

123 3723 191 3792 §bt
232 3723 305 3778 Rud.
330 3723 502 3779 Kohlmann:
533 3727 575 3781 De
602 3727 681 3781 verbi
708 3729 806 3781 Graeci
834 3728 1014 3796 temporibus.
1058 3729 1138 3784 Halis
1165 3729 1251 3783 Saxo-

125 3823 190 3861 num
208 3813 279 3863 1813.

208 3895 230 3958 ⁹)
249 3892 291 3947 cf.
311 3894 437 3948 Curtius:
457 3896 582 3965 Schulgr.
601 3897 687 3966 §ng
710 3901 729 3951 1.
749 3902 771 3950 2.
789 3898 867 3965 (edit.
886 3898 951 3964 Xll:
972 3900 1021 3953 der
1039 3899 1181 3957 indicatis
1200 3902 1250 3956 des

122 3979 242 4032 Prttsens
262 3980 436 4049 bezeichnet,
459 3985 510 4036 wie
535 3983 571 4035 im
599 3983 752 4037 deutschen
772 3984 828 4037 und
854 3983 1052 4052 lateinischcn,
1079 3986 1125 4039 die
1148 3987 1176 4039 in
1200 3987 1250 4040 dor

122 4063 291 4131 Gegenwart
313 4064 454 4120 dauernde
478 4067 637 4136 Handlung.
674 4068 727 4122 Ais
752 4067 847 4122 solche
871 4070 923 4137 gilt
949 4073 974 4135 1)
993 4071 1055 4124 eine
1079 4071 1115 4123 im
1135 4071 1250 4139 Augen·

121 4147 213 4201 blicke
232 4149 281 4202 des
296 4148 452 4217 Sprechens
466 4152 525 4206 sich
540 4153 731 4207 vollniehende
746 4154 911 4222 Handlung‚
931 4157 958 4222 2)
976 4157 1037 4209 eine
1056 4158 1250 4225 gegenwiirtig

122 4233 302 4288 wiederholte
321 4237 480 4306 Handlung,
499 4238 544 4292 ein
563 4239 756 4308 gegenwiirtig
774 4239 930 4294 dauernder
949 4239 1083 4296 Zustand.
