2752 4664
1168 276 1207 337 19

83 448 143 525 plis
164 448 238 509 setis
266 448 444 525 intelligitur
476 448 623 509 Keckium
660 468 766 526 parum
803 452 884 508 recte
922 449 1104 509 contendere
1131 449 1205 509 illud

82 544 169 630 πρὶν
205 535 257 609 ὤν
289 569 350 610 nou
387 568 477 628 posse
512 551 693 628 significare:
728 553 753 609 is
789 552 840 627 qui
871 548 990 621 iuit³²);
1027 551 1099 609 nibil
1129 554 1206 612 enim

83 652 188 713 differt
215 653 273 715 boc
302 647 385 733 πρὶν
412 639 462 712 dv
493 655 530 714 ab
560 654 627 732 illo,
662 655 743 744 quod
780 672 873 730 supra
907 654 1075 713 attulimus:
1112 641 1208 723 ὄντες

84 744 238 833 ἔχθιστοι
259 744 299 815 τὸ
314 749 396 836 πρίν
418 757 446 815 b.
461 774 487 816 e.
509 748 544 815 oi
558 747 708 832 ἔχθιστοι
722 747 809 833 ἦσαν
823 740 864 813 τὸ
882 749 972 833 πρίν.
1018 757 1207 816 Hermannus

84 857 225 935 quidem,
247 859 299 937 qui
321 846 512 919 scribendum
534 862 636 936 putat:
659 842 701 916 οὐ
725 851 890 933 λελέξεται
911 850 994 936 πρὶν
1023 845 1088 929 ὤν,
1119 859 1208 917 vertit

84 960 147 1021 boc
162 946 265 1023 modo:
290 980 417 1041 ,neque
433 963 483 1039 qui
499 967 589 1022 antea
604 967 712 1039 potens
728 967 801 1038 erat,
823 980 883 1021 non
900 961 1015 1020 dicotur
1030 958 1147 1020 fuisse.“
1165 991 1208 999 -

174 1078 235 1141 eeu
263 1080 362 1159 quid?
390 1083 542 1160 participii
571 1083 739 1158 praesentis
768 1081 875 1142 Graeci
904 1099 1002 1141 nonne
1032 1081 1135 1141 eadem
1163 1086 1209 1140 est

84 1181 225 1245 condicio
247 1191 338 1261 atque
360 1183 481 1245 Latini?
525 1184 555 1245 Si
581 1185 700 1261 quidem
723 1202 827 1244 verum
850 1186 1020 1260 spectantes
1041 1184 1209 1243 accuratius

49 1306 54 1315 ·
84 1285 271 1364 quaerimus,
291 1287 322 1345 in
346 1305 382 1347 eo
402 1289 586 1347 conveniunt
608 1291 637 1346 et
651 1286 791 1346 Latinum
815 1289 844 1345 et
859 1285 1005 1345 Graecum
1021 1285 1208 1362 participium

85 1389 271 1467 praesentis,
299 1389 382 1467 quod
403 1390 542 1467 neglecta
563 1390 707 1467 temporis
730 1390 851 1448 notione
874 1390 1018 1448 actionem
1041 1388 1210 1464 significant

84 1490 310 1569 imperfectam
343 1496 375 1553 at
401 1511 476 1553 vero
504 1493 594 1570 plane
624 1492 767 1552 differunt
797 1510 862 1551 usu.
892 1523 933 1529 --
964 1491 1055 1568 Apud
1086 1492 1210 1552 Latinos

85 1594 170 1655 euim
200 1595 389 1673 participium
420 1597 587 1673 praesentis
618 1596 764 1655 actionem
795 1594 944 1671 significat
974 1596 1038 1654 eius
1060 1595 1211 1671 temporis,

86 1696 174 1775 quod
213 1697 307 1759 verbo
348 1700 396 1759 cui
425 1699 615 1776 participium
645 1699 794 1759 adiectum
825 1701 870 1756 est
906 1696 1064 1757 indicatur.
1118 1695 1209 1772 Apud

86 1800 225 1861 Graecos
261 1818 334 1862 vero
372 1801 451 1861 idem
483 1801 673 1877 participium
708 1800 856 1860 actionem
887 1799 1005 1876 quidem
1037 1816 1209 1874 permanen-

85 1908 151 1963 tem
185 1906 216 1964 et
248 1903 346 1981 ipsum
376 1903 540 1981 significat,
577 1904 627 1963 illa
656 1907 755 1963 autem
785 1902 864 1962 actio
908 1920 967 1979 quo
997 1906 1129 1977 tempore
1159 1919 1210 1976 po-

87 2005 194 2067 nenda
221 2007 274 2083 sit,
307 2025 366 2067 nou
396 2024 514 2085 semper
542 2025 579 2066 ex
610 2025 661 2077 eo,
698 2007 746 2065 cui
777 2005 968 2083 participium
995 2004 1128 2063 additum
1157 2006 1211 2073 est,

86 2108 200 2180 verbo,
237 2109 290 2169 sed
318 2112 376 2193 aut
399 2128 436 2170 ex
475 2108 684 2170 additamentis
717 2107 945 2185 temporalibus,
982 2111 1015 2165 ut
1048 2094 1212 2183 πρόσθεν,

86 2199 260 2289 πρότερον
295 2212 500 2289 similibusque
538 2210 689 2271 adverbiis
723 2211 772 2270 vei
801 2208 1011 2286 substantivis,
1041 2209 1071 2267 in
1103 2207 1212 2285 quibus

88 2312 242 2391 quaedam
271 2315 414 2392 temporis
436 2315 517 2375 notio
539 2315 632 2391 inest,
661 2319 713 2373 aut
736 2312 786 2372 ubi
807 2312 859 2371 ilia
880 2311 1083 2372 additamenta
1105 2311 1214 2371 absunt

88 2436 131 2477 ex
153 2434 272 2477 conexu
294 2418 510 2478 sententiarum
533 2417 731 2493 cognoscitur.
774 2415 846 2475 Tria
873 2416 966 2491 igitur
987 2414 1058 2473 inde
1080 2412 1213 2490 proficis·

88 2524 203 2581 cuntur
225 2537 298 2581 usos
319 2538 448 2597 genera,
479 2538 557 2597 quae
580 2520 726 2596 exemplis
748 2520 899 2578 illustrare
922 2518 1016 2576 liceat
1059 2515 1213 2594 deprimi

88 2621 216 2700 quidem
237 2623 357 2701 generis
379 2622 517 2700 exempla
540 2627 611 2682 sunt
633 2622 722 2681 haec:

135 2739 167 2815 a)
196 2743 295 2803 Prom.
311 2746 381 2805 366.
403 2728 526 2821 ἥμενος
547 2734 788 2821 μυδροκτυπεῖ,
813 2737 1001 2815 participium
1016 2738 1046 2796 in
1062 2739 1214 2816 praesenti

195 2850 345 2923 tempore,
377 2845 458 2923 quod
491 2845 584 2905 verbo
613 2837 844 2921 μυδροκτυπεῖ
871 2839 1037 2911 indicatur,
1067 2842 1215 2912 statuitur,

197 2947 290 3008 veluti
305 2948 329 3007 si
344 2946 462 3008 diceres
479 2943 565 3025 λέγει
579 2942 695 3024 γελῶν.
717 2943 754 3004 cf.
770 2944 868 3003 Prom.
884 2946 975 3004 1001.
1020 2942 1150 3021 Ohoeph.
1168 2946 1217 3004 12.

200 3052 320 3111 15.18.
345 3054 402 3111 etc.

139 3166 172 3242 b)
198 3171 282 3231 Pers.
293 3174 343 3233 20.
359 3159 437 3245 ἔβαν
447 3200 490 3210 -
502 3163 713 3248 παρέχοντες,
729 3167 919 3245 participium
931 3167 961 3226 in
972 3166 1133 3243 praeterito
1144 3168 1216 3227 tem·

200 3291 274 3351 pore
296 3273 444 3345 statuitur,
468 3272 538 3349 quia
560 3270 691 3332 refertur
713 3269 752 3329 ad
774 3270 970 3345 praeteritum
990 3264 1156 3342 (aoristum)
1179 3267 1216 3327 cf.

198 3376 280 3454 Sept.
299 3378 371 3437 802.
400 3376 470 3436 ibid.
496 3378 586 3436 1015.
609 3360 654 3442 ὡς
684 3355 754 3431 ὄντ’
785 3356 999 3449 ἀναστατῆρα
1028 3368 1081 3443 (=
1108 3354 1145 3440 dg
1173 3356 1218 3449 ἦν

203 3463 404 3557 ἂναοτατήρ,
427 3478 519 3538 veluti
536 3464 573 3547 ὃς
588 3468 718 3554 ἐγένετο
737 3459 949 3553 ἆναστατήρ),
965 3465 993 3530 sl
1008 3461 1052 3553 μή
1065 3489 1115 3543 τις
1131 3462 1217 3551 ἔστη.

139 3594 169 3670 c)
198 3598 297 3658 Prom.
311 3601 383 3659 444.
406 3590 492 3673 λέξω
514 3627 556 3636 -
579 3585 664 3672 ἔχων
685 3625 729 3634 -
752 3583 983 3673 ἐξηγούμενος,
1006 3591 1164 3670 participia
1186 3593 1217 3651 in

199 3698 302 3761 tuturo
324 3704 458 3778 tempore
481 3702 663 3776 statuuntur,
684 3698 755 3774 quia
777 3697 879 3756 addita
902 3700 973 3755 sunt
994 3695 1102 3756 futuro.

31 3874 35 3879 ,
183 3803 315 3864 Alterius
337 3821 411 3864 vero
433 3803 553 3880 generis
575 3800 711 3876 exempla
734 3803 804 3859 sunt
827 3800 914 3858 haec:

139 3904 172 3981 a)
202 3907 291 3986 Soph.
320 3907 367 3985 Aj.
391 3909 461 3968 338.
494 3889 578 3984 ἁνήρ
602 3893 710 3962 ἐὀικεν
738 3888 758 3982 ἢ
786 3909 899 3961 νοσεῖν
929 3888 950 3980 ἢ
980 3907 1066 3971 τοῖς
1096 3887 1219 3958 πάλαι

95 4074 301 4087 *a

184 4175 220 4242 ¹¹)
240 4171 330 4229 Kaek.
354 4171 398 4226 ad.
422 4169 448 4223 h.
471 4171 576 4225 locum:
601 4165 669 4239 πρὶν
693 4160 734 4221 o'ir
756 4166 803 4221 fiir
826 4167 887 4230 ,ein
912 4172 1090 4234 gewesener“
1116 4165 1153 4219 ist
1170 4179 1220 4217 un·

93 4256 263 4331 griechiscb.

988 4355 1025 4405 (ὶὶ
