2752 4664
132 275 170 335 12

216 449 248 524 b)
271 452 352 530 Sept.
376 457 446 515 895.
469 449 638 513 διαντείαν
661 448 765 533 λέγεις
788 443 918 532 δόμοισι
941 458 995 514 ete.

174 573 317 631 praesens
334 557 526 617 referendum
543 558 641 617 estad
658 577 702 634 ea,
725 576 801 633 quas
824 557 1025 635 praecedunt,
1043 564 1076 618 ut
1098 561 1259 635 exspecta·

172 659 266 716 veris:
291 649 403 733 ἔλεξας
426 661 501 718 sieut
524 659 655 735 Choeplr.
672 664 742 721 434.

131 761 213 819 Pers.
237 764 306 820 245.
386 751 479 820 δεινά
505 779 559 820 τοι
591 757 761 841 λέγεις-
786 765 908 823 nuntius
930 782 1003 823 vero
1024 764 1081 822 iam
1109 761 1260 838 loquendi

173 861 260 921 finem
284 863 363 924 feeit.

131 964 201 1023 roro.
225 969 297 1028 ose.
387 956 485 1045 ῖογγά
506 984 563 1045 μοι
586 951 657 1046 etr'

387 1054 527 1147 άγαθῶν
550 1059 681 1148 ἑτάρων
704 1057 974 1148 ὑπομιμνήσκεις,

386 1157 502 1230 άλαστ’
526 1158 651 1230 άλαστα
674 1161 799 1249 στυγνὰ
823 1161 979 1249 πρόκακα
1002 1166 1120 1249 λέγων.

131 1274 187 1349 Ag.
211 1276 281 1334 351.
386 1263 493 1352 γύναι,
516 1259 589 1333 κατ’
612 1263 719 1355 ἄνδρα
741 1259 890 1353 σώφρον’
913 1259 1087 1354 εὐφρόνως
1109 1268 1228 1353 λέγεις.

176 1375 292 1436 Chorus
315 1377 478 1454 respondet
501 1377 724 1455 Clytemestrae,
747 1396 825 1454 quae
849 1377 936 1438 modo
959 1378 1059 1438 loeuta
1081 1383 1134 1438 est.

133 1478 264 1553 Olroeph.
277 1483 367 1539 1444.
388 1473 491 1556 λέγεις
521 1477 684 1560 πατρῷον
722 1470 846 1558 μόρον,
882 1480 1072 1540 referendum
1103 1498 1177 1540 vero
1212 1484 1263 1540 est

174 1581 246 1640 illud
271 1575 373 1659 λέγεις
396 1584 434 1642 ad
457 1601 563 1643 versus
586 1583 801 1660 praecedentes
824 1587 1013 1660 eae—443,
1044 1584 1154 1660 quibus
1178 1582 1262 1660 Aga·

176 1686 338 1744 memnonis
362 1686 470 1745 caedes
494 1685 676 1760 deploratur.

132 1785 236 1862 Suppl.
259 1791 328 1848 500.
387 1767 424 1845 εὖ
446 1777 509 1865 γὰρ
532 1771 551 1846 ό
574 1783 669 1863 ξένος
692 1783 788 1868 λέγει.

133 1890 233 1948 Prom.
258 1894 327 1951 101.
389 1885 499 1949 καίτοι
522 1886 555 1948 τῖ
578 1907 677 1968 reaper,⁸

91 1999 94 2005 ’
133 1991 187 2068 Ag.
213 1996 302 2053 1613.
387 1983 428 2053 σὺ
452 1978 482 2052 δ’
504 1983 611 2073 ἄνδρα
633 1983 732 2053 τόνδε
755 1984 817 2070 φῂς
834 1980 922 2052 ἑκών
939 1998 1175 2066 κατακτανεῖν,
1199 1994 1260 2054 Ae·

175 2096 275 2171 gistho
287 2097 451 2174 respondet
463 2098 586 2175 ehorus3
602 2098 650 2156 ille
664 2116 735 2158 vero
747 2098 881 2157 oratione
894 2097 995 2157 habita
1006 2116 1087 2157 nune
1096 2097 1154 2156 iarn
1167 2099 1262 2156 taeet.

134 2198 216 2256 Pers.
241 2203 311 2259 276.
388 2189 608 2258 κατθανόντα
632 2193 736 2279 λέγεις
759 2193 920 2277 φέρεσθαι
944 2203 999 2259 ete.

176 2303 300 2360 nuntius
324 2304 408 2361 euius
429 2302 467 2360 ad
490 2304 583 2363 verba
605 2303 679 2362 haee
701 2302 875 2363 referuntur
903 2303 1047 2379 loquendi
1077 2301 1164 2362 modo
1188 2300 1263 2362 feeit

176 2401 271 2463 finem.
1265 2386 1271 2397 ’

134 2503 213 2581 Sept.
236 2510 306 2568 400.
388 2501 444 2564 καὶ
467 2496 570 2566 νύκτα
593 2497 720 2586 ταύτην
742 2491 783 2586 ἣν
807 2501 914 2586 λέγεις
936 2511 993 2566 ete.

390 2610 425 2668 ef.
449 2609 529 2687 Sept.
552 2613 623 2672 553.
646 2594 686 2669 ὃν
709 2603 822 2687 λέγεις.

134 2714 216 2771 Pers.
240 2716 310 2773 986.
387 2707 528 2790 Πέρσαις
550 2746 592 2754 -
615 2704 703 2772 κακά
724 2703 881 2793 πρόκακα
905 2705 1016 2791 λέγεις.

135 2816 191 2892 Ag.
215 2820 285 2876 315.
392 2810 514 2895 τέκμαρ
538 2814 673 2876 τοιοῦτο
697 2802 867 2895 σύμβολόν
888 2833 923 2874 τε
948 2809 1002 2874 σοὶ
1026 2808 1112 2893 λέγω
1134 2817 1190 2874 ete.

178 2919 208 2976 in
230 2917 289 2978 fine
313 2921 465 2996 orationis,
489 2938 549 2995 qua
565 2920 763 2996 Clytemestra
779 2921 864 2996 ignes
879 2919 989 2979 Troiae
1004 2917 1262 2995 expugnationem

178 3022 265 3081 solito
290 3022 375 3081 eitius
397 3022 566 3081 indicantes
588 3023 735 3081 describit.

136 3125 205 3183 ibid.
227 3127 297 3185 545.
370 3121 495 3182 ποθεῖν
518 3119 700 3183 ποθοῦντα
722 3113 822 3202 τήνδε
842 3118 906 3202 γῆν
930 3112 1076 3202 στρατόν
1097 3114 1262 3201 λέγεις-

178 3229 207 3286 iu
231 3227 456 3304 stielromythia‚
488 3246 564 3304 qnae
591 3227 716 3301 dieitur3
744 3229 825 3287 viees
855 3227 1060 3302 interrogandi
1083 3230 1113 3286 et
1134 3243 1260 3303 respon-

178 3330 267 3389 dendi
292 3332 443 3408 praesenti
467 3351 526 3390 non
552 3331 740 3391 mediocriter
762 3330 872 3389 favent.

137 3432 206 3492 ibid.
231 3437 321 3493 1129.
392 3423 587 3508 δολοφόνου
610 3427 748 3511 λέβητος
770 3422 872 3510 τύχαν
896 3444 949 3490 σοι
972 3425 1067 3509 λέγω.

137 3536 267 3611 Choeph.
293 3540 362 3596 181.
392 3520 454 3612 οόχ
476 3517 581 3615 ἧσσον
603 3520 796 3614 εὐδάκρυτά
815 3551 873 3612 μοι
895 3529 1000 3613 λέγεις
1023 3524 1112 3593 τάδε.

222 3639 318 3697 Etiam
350 3640 378 3697 in
409 3639 706 3715 interrogationibus,
742 3639 772 3697 in
806 3637 913 3714 quibus
943 3639 1086 3697 aoristum
1117 3638 1261 3697 usitatum

137 3759 204 3802 esse
226 3742 416 3800 videbamus:

139 3845 194 3920 Ag.
219 3846 289 3904 268.
397 3840 468 3913 πῶς
491 3833 565 3920 φῄς;
588 3837 732 3921 πέφευγε
755 3831 883 3913 τοόπος
906 3833 940 3917 ἐξ
963 3825 1124 3912 άπιστὶας.

137 3947 207 4006 ibid.
231 3951 299 4008 634.
395 3941 468 4016 πῶς
491 3931 553 4025 γάρ
577 3940 681 4023 λέγεις
701 3940 847 4023 χειμῶνα
943 3937 1057 4003 ἐλθεῖν
1080 3949 1135 4004 eto.

138 4049 240 4127 Suppl.
264 4053 333 4110 332.
393 4043 424 4106 rt
447 4033 510 4126 φῂς
532 4041 700 4107 ἱκνεῖσθαι
722 4034 824 4108 τῶνδ
848 4033 1003 4126 άγοονίοον
1026 4042 1137 4117 domm
1160 4078 1201 4086 -

138 4128 237 4213 d'rom.
261 4155 331 4212 101.
393 4145 503 4211 καίτοι
524 4146 557 4210 τί
580 4169 679 4232 φορά
702 4153 782 4229 quod
807 4150 1051 4229 exemplum'iam
1074 4168 1166 4227 supra
1181 4167 1260 4210 eom·

182 4255 419 4315 memoravimus.
